@Misc{mpi-forum:web,
  author = 	 {{MPI Forum}},
  url = 	 {https://www.mpi-forum.org/},
  howpublished = {\url{https://www.mpi-forum.org/}},
  refdate =      {2021-04-27}
}

@Manual{mpi:mpi-1,
  title = 	 {{MPI}: {A} Message-Passing Interface Standard},
  author = 	 {{Message Passing Interface Forum}},
  month = 	 {June},
  year = 	 {1995}
}

@Manual{mpi:mpi-2,
  title = 	 {{MPI-2: Extensions to the Message-Passing Interface}},
  author = 	 {{Message Passing Interface Forum}},
  organization = {MPI Forum},
  month = 	 {July},
  year = 	 {1997}
}

@Misc{openmp:web,
  author = 	 {OpenMP},
  url = 	 {http://www.openmp.org/},
  OPTnote =     {Last accessed on March 16, 2016}
}

@Article{george:impi-njor,
  author = 	 {William L. George and John G. Hagedorn and
Judith E. Devaney},
  title = 	 {{IMPI}: Making {MPI} Interoperable},
  journal = 	 {Journal of Research of the National Institute of
Standards and Technology},
  year = 	 2000,
  volume = 	 105,
  number = 	 3,
  pages = 	 {343-428}
}


@Misc{java:web,
  author = 	 {{Developer Resource for Java Technology}},
  url = 	 {http://java.sun.com/}
}

@Misc{pthreads:linuxthreads,
  author = 	 {{LinuxThreads}},
  url = 	 {http://pauillac.inria.fr/\~{}xleroy/linuxthreads/}
}

@Article{posix:pthreads,
  author = 	 {{I}nstitute of {E}lectrical and {E}lectronic {E}ngineers},
  title = 	 {{I}nformation {T}echnology -- {P}ortable {O}perating
        {S}ystems {I}nterface -- {P}art 1: {S}ystem {A}pplication
        {P}rogram {I}nterface ({API}) -- {A}mendment 2: {T}hreads
        {E}xtensions [{C} {L}anguages]},
  publisher = 	 {IEEE, New York, NY.},
  year = 	 1995
}

@Article{tierney:tcp-tuning01,
  author = 	 {B. Tierney},
  title = 	 {{TCP} Tuning Guide for Distributed Application on Wide
Area Networks},
  journal = 	 {Usenix; login},
  year = 	 2001,
  pages = 	 33,
  month = 	 {February}
}

@Article{gropp:mpich,
  author = 	 {W. Gropp and E. Lusk and N. Doss and A. Skjellum},
  title = 	 {A high-performance, portable implementation of
the {MPI} {Message-Passing Interface} standard},
  journal = 	 {Parallel Computing},
  year = 	 {1996},
  volume = 	 {22},
  number = 	 {6},
  pages = 	 {789-828}
}

@Misc{mpich:web,
  author = 	 {{MPICH}},
  url =          {http://www.mpich.org/},
  note = 	 {http://www.mpich.org/}
}

@Misc{mpich2:web,
  author = 	 {MPICH2},
  url = 	 {http://www.mcs.anl.gov/research/projects/mpich2/}
}

@Article{zaki:jumpshot-hpca99,
  author = 	 {Omer Zaki and Ewing Lusk and William Gropp and
Deborah Swider},
  title = 	 {Toward scalable performance visualization with Jumpshot},
  journal = 	 {High Performance Computing Applications},
  year = 	 {1999},
  month = {Fall},
  volume =  {13},
  number = 	 {2},
  pages = 	 {277--288}
}

@Article{chan:jumpshot-sp-2008,
  author = 	 {Anthony Chan and William Gropp and Ewing Lusk},
  title = 	 {An Efficient Format for Nearly Constant-Time Access to Arbitrary
Time Intervals in Large Trace Files},
  journal = 	 {Scientific Programming},
  year = 	 {2008},
  volume =  {16},
  number = 	 {2-3},
  pages = 	 {155--165},
  publisher = {IOS Press}
}

@Misc{vampir:web,
  author = 	 {Vampir},
  howpublished = {\url{https://vampir.eu/}},
  url = 	 {https://vampir.eu/}
}

@Misc{tau:web,
  author = 	 {{Tau}},
  OPTtitle = 	 {{Tau}},
  howpublished = {\url{http://www.cs.uoregon.edu/research/tau/home.php}},
  url =          {http://www.cs.uoregon.edu/research/tau/home.php}
}

@Misc{darshan:web,
  author = {{DARSHAN}},
  OPTtitle = {{DARSHAN}},
  howpublished = {\url{http://www.mcs.anl.gov/research/projects/darshan/}},
  url = {http://www.mcs.anl.gov/research/projects/darshan/},
}

@Misc{IOR:web,
  author =  {{IOR}},
  OPTurl =     {https://sourceforge.net/projects/ior-sio/},
  url =     {https://github.com/hpc/ior},
  howpublished = {\url{https://github.com/hpc/ior}},
  lastaccessed = {2021-04-27} 
}

@Misc{MDTEST:web,
  author = {{MDTEST}},
  OPTurl = {https://sourceforge.net/projects/mdtest/},
  url = {https://github.com/hpc/ior},
  howpublished = {\url{https://sourceforge.net/projects/mdtest/}}
}

@Misc{IO500_bench:web,
  author = {{IO500}},
  url = {https://github.com/VI4IO/io500},
  howpublished = {{\url https://github.com/VI4IO/io500}}
}

@InProceedings{szebenyi:scalasca-sipew08,
  author = 	 {Zolt{\'a}n Szebenyi and Brian J. N. Wylie and Felix Wolf},
  title = 	 {{SCALASCA} Parallel Performance Analyses of {SPEC MPI2007} Applications},
  booktitle = {Performance Evaluation: Metrics, Models and Benchmarks},
  pages = 	 {99-123},
  year = 	 {2008},
  volume = 	 {5119},
  series = 	 {LNCS},
  publisher = {Springer}
}

@Article{shende:tau-ijhpca-2006,
  author = 	 {Sameer S. Shende and Allen D. Malony},
  title = 	 {The TAU Parallel Performance System},
  journal = 	 {The International Journal of High Performance Computing Applications},
  year = 	 {2006},
  month =  {Summer},
  volume =  {20},
  number = 	 {2},
  pages = 	 {287-311},
  publisher = {SAGE Publications}
}

@InProceedings{labarta:paraver-parco05,
  author = 	 {J. Labarta and J. Gim{\'e}nez and E. Mart{\'i}nez
and P. Gonz{\'a}lez and H. Servat and G. Llort and X. Aguilar},
  title = 	 {Scalability of Visualization and Tracing Tools},
  booktitle = 	 {Proceedings of the International Conference ParCo 2005},
  editor = {G.R. Joubert and W.E. Nagel and F.J. Peters and O. Plata
and P. Tirado and E. Zapata},
  pages = 	 {869-876},
  year = 	 {2006},
  volume = 	 {33},
  series = 	 {NIC Series},
  publisher =    {John von Neumann Institute for Computing, J{\"u}lich}
}

@InProceedings{squyres03:compon_archit_lam_mpi,
  author = 	 {J. M. Squyres and A. Lumsdaine},
  title = 	 {A Component Architecture for {LAM/MPI}},
  booktitle = 	 {Recent Advances in Parallel Virtual Machine and 
Message Passing Interface},
  pages = 	 {379-387},
  year = 	 2003,
  volume = 	 2840,
  series = 	 {Lecture Notes in Computer Science},
  publisher =    {Springer}
}

@InProceedings{thakur:passion,
  author = 	 {Rajeev Thakur and Rajesh Bordawekar and
Alok Choudhary and Ravi Ponnusamy and Tarvinder Singh},
  title = 	 {{PASSION} Runtime Library for Parallel {I/O}},
  booktitle = 	 {Proceedings of the Scalable Parallel Libraries
Conference},
  pages = 	 {119-128},
  year = 	 {1994},
  month = 	 {October}
}

@InProceedings{thakur:adio,
  author = 	 {Rajeev Thakur and William Gropp and Ewing Lusk},
  title = 	 {An Abstract-Device Interface for Implementing
Portable Parallel-{I/O} Interfaces},
  booktitle = 	 {Proceedings of the Sixth Symposium on the Frontiers
of Massively Parallel Computation},
  pages = 	 {180-187},
  year = 	 {1996}
}

@InProceedings{dickens:coll-io-threads,
  author = 	 {Phillip Dickens and Rajeev Thakur},
  title = 	 {Improving Collective {I/O} Performance Using Threads},
  booktitle = 	 {Proceedings of the Joint International Parallel
Processing Symposium and {IEEE} Symposium on Parallel and Distributed
Processing},
  pages = 	 {38-45},
  year = 	 {1999}
}

@InProceedings{thakur:romio,
  author = 	 {Rajeev Thakur and William Gropp and Ewing Lusk},
  title = 	 {On Implementing {MPI-{IO}} Portably and with High
Performance},
  booktitle = 	 {Proceedings of the Sixth Workshop on Input/Output
in Parallel and Distributed Systems},
  pages =        {23-32},
  year =         {1999}
}

@InProceedings{ma:mpiio-abt-threads,
  author = 	 {Xiaosong Ma and Marianne Winslett and Jonghyun Lee
and Shengke Yu},
  title = 	 {Improving {MPI-IO} Output Performance with Active
Buffering Plus Threads},
  booktitle = 	 {Proceedings of the 17th International Parallel
and Distributed Processing Symposium (IPDPS'03)},
  pages = 	 {68b},
  year = 	 {2003},
  month = 	 {April},
  publisher = {IEEE Computer Society}
}

@Article{thakur:parco2002,
  author = {Rajeev Thakur and William Gropp and Ewing Lusk},
  title = {Optimizing noncontiguous accesses in {MPI-IO}},
  journal = {Parallel Computing},
  year = {2002},
  volume = {28},
  number = {1},
  pages = {83-105}
}

@InProceedings{lee:rfs-mpiio,
  author = 	 {Jonghyun Lee and Xiaosong Ma and Robert Ross
and Rajeev Thakur and Marianne Winslett},
  title = 	 {{RFS}: Efficient and Flexible Remote File Access
for {MPI-IO}},
  booktitle = 	 {Proceedings of the 6th IEEE International
Conference on Cluster Computing (CLUSTER 2004)},
  pages = 	 {71-81},
  year = 	 {2004},
  month = 	 {September},
  publisher = {IEEE Computer Society}
}

@Article{thakur:coll-comm-ijhpca,
  author = 	 {Rajeev Thakur and Rolf Rabenseifner and William Gropp},
  title = 	 {Optimization of Collective Communication Operations in MPICH},
  journal = 	 {The International Journal of High Performance
Computing Applications},
  year = 	 {2005},
  volume = 	 {19},
  number = 	 {1},
  pages = 	 {49-66},
  month = 	 {Spring}
}

@InProceedings{worringen:listless-io-sc03,
  author = 	 {Joachim Worringen and Jesper Larsson Tr{\"a}ff
and Hubert Ritzdorf},
  title = 	 {Fast Parallel Non-Contiguous File Access},
  booktitle = 	 {SC '03: Proceedings of the 2003 ACM/IEEE conference
on Supercomputing},
  pages = 	 {60},
  year = 	 {2003},
  address = 	 {Washington, DC, USA},
  publisher = {IEEE Computer Society}
}

@InProceedings{gpfs:usenix02,
  author = {Frank Schmuck and Roger Haskin},
  title = {{GPFS}: A Shared-Disk File System for Large Computing Clusters},
  booktitle = {Proceedings of the 1st USENIX Conference on File and Storage Technologies},
  series = {FAST '02},
  year = {2002},
  location = {Monterey, CA},
  articleno = {19},
  OPTurl = {http://dl.acm.org/citation.cfm?id=1083323.1083349},
  OPTacmid = {1083349},
  publisher = {USENIX Association},
  OPTaddress = {Berkeley, CA, USA},
  OPTanote = {},
  OPTnode = {},
}

@InProceedings{prost:MPI-IO-SC2001,
  author = {Jean-Pierre Prost and Richard Treumann and Richard Hedges
and Bin Jia and Alice Koniges},
  title = {{MPI-IO/GPFS}, An Optimized Implementation of {MPI-IO}
on Top of {GPFS}},
  booktitle ={SC '01: Proceedings of the 2001 ACM/IEEE conference
on Supercomputing},
  year = {2001},
  pages = {58},
  publisher = {IEEE Computer Society}
}

@InProceedings{cho:parallel-io-sc,
  author = 	 {Yong E. Cho and Marianne Winslett and Szu-wen Kuo
and Jonghyun Lee and Ying Chen},
  title = 	 {Parallel {I/O} for Scientific Applications on
Heterogeneous Clusters: A Resource-utilization Approach},
  booktitle = 	 {Proceedings of the 13th ACM International Conference
on Supercomputing (ICS '99)},
  pages = 	 {253-259},
  year = 	 {1999},
  month = 	 {June},
  publisher = {ACM Press}
}

@InProceedings{view-based-blas:CCGRID08,
  author =       {Javier Garc\'{\i}a Blas and Florin Isaila
  and David E. Singh and Jes{\'u}s Carretero},
  title     = {View-Based Collective {I/O} for {MPI-IO}},
  booktitle = {CCGRID},
  year      = {2008},
  pages     = {409-416}
}

@Article{mpiio-GPFS-blas:IJHPCA2010,
  author = {Javier Garcia Blas and Florin Isaila and Jesus Carretero
and David Singh and Felix Garcia-Carballeira},
  title = {Implementation and Evaluation of File Write-Back
and Prefetching for {MPI-IO} Over {GPFS}},
  journal = {International Journal of High Performance Computing
Applications},
  volume = {24},
  year = {2010},
  pages = {78-92}
}

@InProceedings{,
  author = 	 {R. Arpaci-Dusseau and E. Anderson and N. Treuhaft and
D. Culler and J. Hellerstein and D. Patterson and K. Yelick},
  title = 	 {Cluster {I/O} with River: Making the Fast Case Common},
  booktitle = 	 {Proceedings of the 6th Workshop on I/O in Parallel
and Distributed Systems},
  year = 	 {1999},
  month = 	 {May}
}

@InProceedings{brezany:96software,
  author = 	 {Peter Brezany and Thomas A. Mueck and Erich Schikuta},
  title = 	 {A Software Architecture for Massively Parallel Input-Output},
  booktitle = 	 {Third International Workshop, PARA 96 (Applied Parallel
Computing - Industrial Computation and Optimization)},
  pages = 	 {85-96},
  year = 	 {1996},
  editor = 	 {Jerzy Wasniewski and Jack Dongarra and Kaj Madsen and
Dorte Olesen},
  volume = 	 {1186},
  series = 	 {Lecture Notes in Computer Science},
  address = 	 {Lyngby, Denmark},
  month = 	 {August},
  publisher =    {Springer}
}


@InProceedings{carns:pvfs,
  author = 	 {Philip H. Carns and Walter B. {Ligon {III}} and
Robert B. Ross and Rajeev Thakur},
  title = 	 {{PVFS}: A Parallel File System for {Linux} Clusters},
  booktitle = 	 {Proceedings of the 4th Annual Linux Showcase and
Conference},
  pages = 	 {317-327},
  year = 	 {2000},
  month = 	 {October},
  organization = {USENIX Association}
}


@Article{vilayannur:cache-pvfs-jcluster,
  author = 	 {M. Vilayannur and A. Sivasubramaniam and M. Kandemir
and R. Thakur and R. Ross},
  title = 	 {Discretionary Caching for {I/O} on Clusters},
  journal = 	 {Cluster Computing},
  year = 	 {2006},
  volume = 	 {9},
  pages = 	 {29-44}
}

@Misc{pvfs2:web,
  author = 	 {{PVFS2}},
  url =  {http://www.pvfs.org/pvfs2/},
  note =  {{http://www.pvfs.org/pvfs2/}}
}

@Misc{lustre:web,
  author = 	 {{Lustre}},
  OPTtitle =   {Lustre},
  url = {https://www.lustre.org/},
  howpublished = {\url{https://www.lustre.org/}},
  OPTlastaccessed = {2021-04-27}
}

@TechReport{lustre-adio:whpaper-2008,
  author = {{Lustre}},
  title = {{Lustre} {ADIO} collective write driver},
  series = {Lustre Technical White Paper},
  institution =  {Lustre},
  month = {September},
  year = {2008}
}


@Article{latham:pvfs2,
  author = 	 {Rob Latham and Neil Miller and Robert Ross and Phil Carns},
  title = 	 {A Next-Generation Parallel File System for Linux Clusters},
  journal =  {LinuxWorld},
  year = 	 {2004},
  volume = 	 {2},
  number = 	 {1},
  month = 	 {January}
}

@InProceedings{ching:pvfs-list-io,
  author = 	 {A. Ching and A. Choudhary and W. K. Liao and R. Ross
and W. Gropp},
  title = 	 {Noncontiguous {I/O} through {PVFS}},
  booktitle = 	 {Proceedings of the IEEE International Conference
on Cluster Computing (Cluster~2002)},
  pages = 	 {405-414},
  year = 	 {2002},
  month = 	 {September}
}

@InProceedings{ching:pvfs-list-io-romio,
  author = 	 {A. Ching and A. Choudhary and K. Coloma and W. K. Liao
and R. Ross and W. Gropp},
  title = 	 {Noncontiguous {I/O} Access Through {MPI-I/O}},
  booktitle = 	 {Proceedings of the 3rd IEEE/ACM International
Symposium on Cluster Computing and the Grid (CCGrid 2003), 12-15 May 2003,
Tokyo, Japan},
  pages =	 {104-111},
  year = 	 {2003},
  month = 	 {May},
  publisher = {IEEE Computer Society}
}

@InProceedings{ching:ipdps06,
  author =       {Avery Ching and Alok Choudhary and Wei-keng Liao
and Lee Ward and Neil Pundit},
  title =        {Evaluating {I/O} Characteristics and Methods for
Storing Structured Scientific Data},
  booktitle = 	 {Proceedings 20th IEEE International Parallel and
Distributed Processing Symposium},
  pages =        {49},  
  year = 	 {2006},
  month = 	 {April},
  publisher = 	 {IEEE Computer Society}
}

@InProceedings{apon:sens-pvfs-ccgrid02,
  author = 	 {A. W. Apon and P. D. Wolinski and G. M. Amerson},
  title = 	 {Sensitivity of Cluster File Access to {I/O} Server
Selection},
  booktitle = 	 {Proceedings of the 2nd IEEE/ACM International
Symposium on Cluster Computing and the Grid (CCGrid 2002),
22-24 May 2002, Berlin, Germany},
  pages = 	 {183-192},
  year = 	 {2002},
  month = 	 {May},
  publisher = {IEEE Computer Society}
}


@InProceedings{knuepfer:iccs06,
  author =	{Andreas Kn{\"u}pfer and
               Ronny Brendel and
               Holger Brunst and
               Hartmut Mix and
               Wolfgang E. Nagel},
  title =	{Introducing the Open Trace Format ({OTF})},
  booktitle = {Computational Science - ICCS 2006, Part II},
  pages     = {526-533},
  series = {LNCS},
  volume = {3992},
  year      = {2006},
  publisher = {Springer}
}


@InProceedings{filgueira:vecpar08,
  author =       {Rosa Filgueira and David E. Singh and Juan C. Pichel and Florin Isaila
and Jes{\'u}s Carretero},
  title = 	 {Data Locality Aware Strategy for Two-Phase Collective I/O},
  booktitle = {High Performance Computing for Computational Science - VECPAR
               2008, 8th International Conference, Toulouse, France, June
               24-27, 2008. Revised Selected Papers},
  pages  =    {137-149},
  volume = 	 {5336},
  series = 	 {Lecture Notes in Computer Science},
  year = 	 {2008},
  publisher = {Springer}
}

@InProceedings{ludwig:pvmmpi07,
  author    = {Thomas Ludwig and Stephan Krempel and
Michael Kuhn and Julian M. Kunkel and Christian Lohse},
  title     = {Analysis of the {MPI-IO} Optimization Levels with
the {PIOViz} Jumpshot Enhancement},
  booktitle = {Recent Advances in Parallel Virtual Machine and Message
Passing Interface},
  pages     = {213-222},
  series = {LNCS},
  volume = {4757},
  year      = {2007},
  publisher = {Springer}
}

@InProceedings{kunkel:europar08,
  author = 	 {Julian M. Kunkel and Thomas Ludwig},
  title = 	 {Bottleneck Detection in Parallel File Systems with Trace-Based
Performance Monitoring},
  booktitle = 	 {Euro-Par 2008 - Parallel Processing},
  pages = 	 {212-221},
  series = {LNCS},
  volume = {5168},
  year = 	 {2008},
  publisher = {Springer}
}

@InProceedings{carns:ipdps09,
  author={Philip H. Carns and Samuel Lang and Robert B. Ross and Murali Vilayannur and Julian M. Kunkel and Thomas Ludwig},
  booktitle={2009 IEEE International Symposium on Parallel and Distributed Processing},
  title={Small-File Access in Parallel File Systems},
  year={2009},
  volume={},
  number={},
  pages={1-11},
  OPTdoi={10.1109/IPDPS.2009.5161029},
  OPTISSN={1530-2075},
  month={May},
}

@InProceedings{isc14:kunkel,
  author    = {Kunkel, Julian M. and Zimmer, Michaela and H{\"u}bbe, Nathanael and Aguilera, Alvaro and Mickler, Holger
and Wang, Xuan and Chut, Andriy and B{\"o}nisch, Thomas and L{\"u}ttgau, Jakob and Michel, Roman and Weging, Johann},
  title     = {The {SIOX} Architecture -- Coupling Automatic Monitoring and Optimization of Parallel {I/O}},
  booktitle = {Supercomputing, 29th International Conference, ISC2014, Leipzig, Germany, June 22-26, Proceedings},
  year      = {2014},
  publisher = {Springer},
  pages     = {245-260}
}

@InProceedings{kuhn:parco2011,
  author = {Michael Kuhn and Julian M. Kunkel and Yuichi Tsujita and Hidetaka Muguruma and Thomas Ludwig},
  title =     {Optimizations for Two-Phase Collective {I/O}},
  pages     = {455-462},
  booktitle = {Applications, Tools and Techniques on the Road to Exascale
Computing, Proceedings of the conference ParCo 2011, 31
August - 3 September 2011, Ghent, Belgium},
  editor =    {Koen De Bosschere and
               Erik H. D'Hollander and
               Gerhard R. Joubert and
               David A. Padua and
               Frans J. Peters and
               Mark Sawyer},
  publisher = {IOS Press},
  series    = {Advances in Parallel Computing},
  volume    = {22},
  year      = {2012},
  OPTisbn      = {978-1-61499-040-6},
  OPTee        = {http://dx.doi.org/10.3233/978-1-61499-041-3-455}
}

@InProceedings{tsujita:SpringSim12,
  author = 	 {Yuichi Tsujita and Hidetaka Muguruma and Kazumi Yoshinaga
and Atsushi Hori and Mitaro Namiki and Yutaka Ishikawa},
  title = 	 {Improving Collective {I/O} Performance
Using Pipelined Two-Phase {I/O}},
  booktitle =    {Proceedings of the 2012 Symposium on High Performance
Computing},
  series =       {HPC '12},
  year = 	 {2012},
  isbn =         {978-1-61839-788-1},
  location =     {Orlando, Florida},
  pages =        {7:1--7:8},
  articleno =    {7},
  month = 	 {March},
  publisher =    {Society for Modeling and Simulation International},
  note = 	 {(CD-ROM)},
  OPTannote = 	 {}
}

@InProceedings{tsujita:PDP2014,
  author =       {Yuichi Tsujita and Kazumi Yoshinaga and Atsushi Hori and Mikiko Sato
and Mitaro Namiki and Yutaka Ishikawa},
  title = 	 {Multithreaded Two-Phase I/O: Improving Collective MPI-IO Performance
on a Lustre File System},
  booktitle =    {Proceedings of 2014 22nd Euromicro International Conference on
Parallel, Distributedm and Network-Based Processing (PDP2014)},
  pages =        {232-235},
  year = 	 {2014},
  publisher =    {IEEE CS},
  OPTkey = 	 {},
  OPTeditor = 	 {},
  OPTvolume = 	 {},
  OPTnumber = 	 {},
  OPTaddress = 	 {},
  OPTmonth = 	 {},
  OPTorganization = {},
  OPTnote = 	 {},
  OPTannote = 	 {}
}

@Misc{hdf5:web,
  author = 	 {{The National Center for Supercomputing Applications}},
  url =	         {https://www.hdfgroup.org/},
  OPTyear = {},
  OPTnote =	 {{https://www.hdfgroup.org/}},
  OPTannote = 	 {}
}

@InProceedings{ross:par-hdf5-sc01,
  author = 	 {Robert Ross and Daniel Nurmi and Albert Cheng and
Michael Zingale},
  title = 	 {A Case Study in Application {I/O} on {Linux} Clusters},
  booktitle = 	 {SC '01: Proceedings of the 2001 ACM/IEEE Conference
on Supercomputing (CDROM)},
  pages = 	 {11},
  year = 	 {2001},
  month = 	 {November},
  location =     {Denver, Colorado},
  publisher =    {ACM Press}
}

@InProceedings{rew:netcdf,
  author = 	 {Rew, R. K. and G. P. Davis},
  title = 	 {The Unidata net{CDF}: Software for Scientific Data Access},
  booktitle = 	 {Sixth International Conference on Interactive
Information and Processing Systems for Meteorology, Oceanography,
and Hydrology},
  pages = 	 {33-40},
  year = 	 {1990},
  month = 	 {February},
  organization = {American Meteorology Society}
}

@Manual{unidata:netcdf-man,
  title = 	 {NetCDF User's Guide},
  author = 	 {Russ Rew and Glenn Davis and Steve Emmerson
and Harvey Davies and Ed Hartnett},
  organization = {Unidata Program Center},
  month = 	 {June},
  year = 	 {2006},
  url = 	 {http://www.unidata.ucar.edu/software/netcdf/docs/netcdf/}
}

@Misc{pnetcdf:web,
  author = 	 {{Parallel netCDF}},
  url = {http://cucis.ece.northwestern.edu/projects/PnetCDF/}
}

@Manual{pnetcdf:api-man,
  title = 	 {A Parallel API for Creating and Reading NetCDF Files},
  OPTauthor = 	 {},
  month = 	 {February},
  year = 	 {2003},
  url = 	 {http://www-unix.mcs.anl.gov/parallel-netcdf/}
}

@Article{fryxell:flash_journal,
  author = 	 {yxell and K. Olsen and P. Ricker and F. X. Timmes and M. Zingale
  and D. Q. Lamb and P. MacNeice and R. Rosner and J. W. Truran and H. Tufo},
  title = 	 {{FLASH}: An Adaptive Mesh Hydrodynamics Code for Modeling Astriphysical
   Thermonuclear Flashes},
  journal = 	 {The Astrophysical Journal Supplement Series},
  year = 	 {2000},
  OPTkey = 	 {},
  OPTvolume = 	 {},
  number = 	 {131},
  pages = 	 {273-334},
  OPTmonth = 	 {},
  OPTnote = 	 {},
  OPTannote = 	 {}
}

@article{Dubey03102013,
  author = {Dubey, Anshu and Antypas, Katie and Calder, Alan C and Daley, Chris and Fryxell, Bruce and Gallagher, J Brad and Lamb, Donald Q and Lee, Dongwook and Olson, Kevin and Reid, Lynn B and Rich, Paul and Ricker, Paul M and Riley, Katherine M and Rosner, Robert and Siegel, Andrew and Taylor, Noel T and Weide, Klaus and Timmes, Francis X and Vladimirova, Natasha and ZuHone, John}, 
  title = {Evolution of {FLASH}, a multi-physics scientific simulation code for high-performance computing},
  year = {2013}, 
  doi = {10.1177/1094342013505656}, 
  OPTURL = {http://hpc.sagepub.com/content/early/2013/10/02/1094342013505656.abstract}, 
  OPTeprint = {http://hpc.sagepub.com/content/early/2013/10/02/1094342013505656.full.pdf+html}, 
  journal = {International Journal of High Performance Computing Applications}
}

@Misc{flashio_hdf5:web,
  OPTkey = 	 {},
  author = 	 {M. Zingale},
  title = 	 {{FLASH I/O} Benchmark Routine -- Parallel {HDF5}},
  url =          {http://www.ucolick.org/~zingale/flash_benchmark_io/},
  OPThowpublished = {},
  OPTmonth = 	 {},
  OPTyear = 	 {},
  OPTnote = 	 {},
  OPTannote = 	 {}
}

@Article{latham:csd2012,
  author = 	 {Rob Latham and Chris Daley and Wei-keng Liao and Kui Gao
    and Rob Ross and Anshu Dubey and Alok Choudhary},
  title = 	 {A case study for scientific {I/O}: improving the {FLASH}
    astrophysics code},
  journal = 	 {Computational Science and Discovery},
  year = 	 {2012},
  OPTkey = 	 {},
  volume = 	 {5},
  number = 	 {1},
  pages = 	 {015001},
  OPTmonth = 	 {},
  OPTnote = 	 {},
  OPTannote = 	 {}
}


@InProceedings{li:pnetcdf-sc03,
  author = 	 {Jianwei Li and Wei-Keng Liao and Alok Choudhary
and Robert Ross and Rajeev Thakur and William Gropp and Rob Latham
and Andrew Siegel and Brad Gallagher and Michael Zingale},
  title = 	 {Parallel net{CDF}: A High-Performance Scientific
{I/O} Interface},
  booktitle = 	 {Proceedings of the 2003 ACM/IEEE Conference
on Supercomputing},
  pages = 	 {39},
  year = 	 {2003},
  month = 	 {November},
  series = 	 {SC '03},
  publisher =    {ACM}
}

@InProceedings{nisar:sc2008,
  author = 	 {Arifa Nisar and Wei-keng Liao and Alok Choudhary},
  title = 	 {Scaling Parallel {I/O} Performance through {I/O}
Delegate and Caching System},
  booktitle = {Proceedings of the 2008 ACM/IEEE Conference on
High Performance Computing},
  pages = 	 {9},
  year = 	 {2008},
  month = 	 {November},
  series =       {SC '08},
  publisher = {IEEE/ACM}
}

@InProceedings{Liao:sc2008,
    author     = {Wei-keng Liao and Alok Choudhary},
    title      = {Dynamically Adapting File Domain Partitioning Methods for Collective {I/O}
Based on Underlying Parallel File System Locking Protocols},
    booktitle  = {Proceedings of the 2008 ACM/IEEE Conference on
High Performance Computing},
    year       = {2008},
    month      = {November},
    series     = {SC '08},
    pages      = {3:1-3:12},
    articleno  = {3},
    numpages = {12},
    OPTurl = {http://dl.acm.org/citation.cfm?id=1413370.1413374},
    acmid = {1413374},
    publisher = {IEEE Press},
    address = {Piscataway, NJ, USA}
}

@Article{dickens:conc_comp2010,
  author =       {Phillip M. Dickens and Jeremy Logan},
  title =        {A high performance implementation of {MPI-IO} for a {Lustre} file system environment},
  journal =      {Concurrency and Computation: Practice and Experience},
  year =         {2010},
  OPTkey =       {},
  volume =       {22},
  number =       {11},
  pages =        {1433-1449},
  month =        {August},
  OPTnote =      {},
  OPTannote =    {}
}

@Article{nisar:ieee_tpds2012,
  author = 	 {Arifa Nisar and Wei-keng Liao and Alok Choudhary},
  title = 	 {Delegation-based {I/O} Mechanism for High Performance
Computing Systems},
  journal = 	 {IEEE Transactions on Parallel and Distributed Systems},
  year = 	 {2012},
  volume = 	 {23},
  number = 	 {2},
  pages = 	 {271-279}
}

@Article{karonis:mpich-g2,
  author = 	 {N. Karonis and B. Toonen and I. Foster},
  title = 	 {{MPICH-G2}: A Grid-Enabled Implementation of the Message
Passing Interface},
  journal = 	 {Journal of Parallel and Distributed Computing},
  year = 	 {2003},
  volume = 	 {63},
  number = 	 {5},
  pages = 	 {551-563}
}

@InProceedings{foster:globus-HCW98,
  author = 	 {I. Foster and C. Kesselman},
  title = 	 {The {Globus} project: A status report},
  booktitle = 	 {Proceedings of the Heterogeneous Computing Workshop},
  pages = 	 {4-18},
  year = 	 {1998},
  publisher = {IEEE Computer Society}
}

@Article{foster:globus-IJHPCA2001,
  author = 	 {Ian Foster and Carl Kesselman and Steven Tuecke},
  title = 	 {The Anatomy of the Grid: Enabling Scalable Virtual
Organizations},
  journal = 	 {The International Journal of High Performance Computing
Applications},
  year = 	 {2001},
  volume = 	 {15},
  number = 	 {3},
  pages = 	 {200-222},
  month = 	 {Fall}
}

@Article{laszewski:CoG-concurrency02,
  author = 	 {Gregor von Laszewski and Jarek Gawor and Peter Lane
and Nell Rehn and Mike Russell},
  title = 	 {Features of the {Java} Commodity Grid Kit},
  journal = 	 {Concurrency and Computation: Practice and Experience},
  year = 	 {2002},
  volume = 	 {14},
  number = 	 {13-15},
  pages = 	 {1045-1055}
}

@Article{erwin:unicore-concurency02,
  author = 	 {Dietmar W. Erwin},
  title = 	 {{UNICORE} - a Grid computing environment},
  journal = 	 {Concurrency and Computation: Practice and Experience},
  year = 	 2002,
  volume = 	 14,
  number = 	 {13-15},
  pages = 	 {1395-1410}
}

@InProceedings{grip:hpdc11,
  author = 	 {M. Rambadt and P. Wieder},
  title = 	 {{UNICORE}-{Globus} interoperability: getting the best
of both worlds},
  booktitle = 	 {Proceedings of 11th IEEE International Symposium on
High Performance Distributed Computing},
  pages = 	 {422},
  year = 	 {2002},
  publisher = {IEEE Computer Society}
}

@Misc{condor:web,
  author = 	 {{Condor Project Homepage}},
  url = 	 {http://www.cs.wisc.edu/condor/}
}

@Article{thain:condor-concurrency05,
  author = 	 {Douglass Thain and Todd Tannenbaum and Miron Livny},
  title = 	 {Distributed computing in practice:
the {Condor} experience},
  journal = 	 {Concurrency and Computation: Practice and Experience},
  year = 	 {2005},
  volume = 	 {17},
  number = 	 {2-4},
  pages = 	 {323-356}
}


@Misc{sge:web,
  author = 	 {{Sun Grid Engine}},
  OPTnote = 	 {{http://gridengine.sunsource.net}},
  url = 	 {http://gridengine.sunsource.net}
}


@Misc{soton-mshpci:web,
  author = 	 {{Microsoft High Performance Computing Institute,
School of Engineering Sciences, University of Southampton}},
  url = 	 {http://www.soton.ac.uk/ses/research/mshpci/index.html}
}


@Misc{uk-ngs:web,
  author = 	 {{The National Grid Service}},
  url = 	 {http://www.ngs.ac.uk/}
}


@InProceedings{foster:rio-iopads,
  author = 	 {Ian Foster and David Kohr and Rakesh Krishnaiyer
and Jace Mogill},
  title = 	 {Remote {I/O}: Fast Access to Distant Storage},
  booktitle = 	 {Proceedings of the 5th Workshop on Input/Output
in Parallel and Distributed Systems},
  pages = 	 {14-25},
  year = 	 1997,
  month = 	 {November},
  publisher = {ACM Press}
}

@InProceedings{nieplocha:distant-io,
  author = 	 {J. Nieplocha and I. Foster and H. Dachsel},
  title = 	 {Distant {I/O}: One-Sided Access to Secondary Storage
on Remote Processors},
  booktitle = 	 {Proceedings of The 7th IEEE International Symposium
on High Performance Distributed Computing (HPDC-7)},
  pages = 	 {148-154},
  year = 	 1998,
  month = 	 {July}
}


@InProceedings{gabriel:pacx-mpi,
  author = 	 {Edgar Gabriel and Michael Resch and Thomas Beisel
and Rainer Keller},
  title = 	 {Distributed Computing in a Heterogeneous Computing
Environment},
  booktitle = 	 {Recent Advances in Parallel Virtual Machine and Message
Passing Interface, 5th European PVM/MPI Users' Group Meeting, Liverpool,
UK, September 7-9, 1998, Proceedings},
  pages = 	 {180-187},
  year = 	 {1998},
  editor = 	 {Vassil Alexandrov and Jack Dongarra},
  volume = 	 {1497},
  series = 	 {Lecture Notes in Computer Science},
  publisher =    {Springer}
}

@InProceedings{fagg:pacx-mpi-pio,
  author = 	 {Graham E. Fagg and Edgar Gabriel and Michael Resch
and Jack J. Dongarra},
  title = 	 {Parallel {IO} Support for Meta-computing Applications:
{MPI\_Connect IO} Applied to {PACX-MPI}},
  booktitle = 	 {Recent Advances in Parallel Virtual Machine and
Message Passing Interface, 8th European PVM/MPI Users' Group Meeting,
Santorini/Thera, Greece, September 23-26, 2001, Proceedings},
  pages = 	 {135-147},
  year = 	 {2001},
  editor = 	 {Yannis Cotronis and Jack Dongarra},
  volume = 	 {2131},
  series = 	 {Lecture Notes in Computer Science},
  publisher =    {Springer}
}

@Article{lindner:gcm-ijguc2005,
  author = 	 {Peggy Lindner and Edgar Gabriel and Michael M. Resch},
  title = 	 {{GCM}: a Grid Configuration Manager for Heterogeneous
Grid Environments},
  journal = 	 {International Journal of Grid and Utility Computing},
  year = 	 {2005},
  volume = 	 {1},
  number = 	 {1},
  pages = 	 {4-12}
}

@InProceedings{ma:ccgrid02,
  author = 	 {Ricky K. K. Ma and {Cho-Li} Wang and Francis C. M. Lau},
  title = 	 {{M-JavaMPI}: A {Java}-{MPI} Binding with Process
Migration Support},
  booktitle = 	 {Proceedings of the 2nd IEEE/ACM International Symposium
on Cluster Computing and the Grid (CCGrid 2002)},
  pages = 	 {255-262},
  year = 	 {2002},
  publisher =    {IEEE Computer Society}
}

@InProceedings{pugh:lncs2958,
  author = 	 {William Pugh and Jaime Spacco},
  title = 	 {{MPJava}: High-Performance Message Passing in {Java}
using {Java.nio}},
  booktitle = 	 {Languages and Compilers for Parallel Computing,
16th International Workshop, LCPC 2003, College Station, TX, USA,
October 2-4, 2003, Revised Papers},
  pages = 	 {323-339},
  year = 	 {2004},
  editor = 	 {Lawrence Rauchwerger},
  volume = 	 {2958},
  series = 	 {Lecture Notes in Computer Science},
  publisher =    {Springer}
}


@TechReport{MPI-Java-spec-draft,
  author = 	 {Bryan Carpenter and Vladimir Getov and Glenn Judd
and Tony Skjellum and Geoffrey Fox},
  title = 	 {{MPI} for {Java}: Position Document and Draft {API}
specification},
  institution =  {Java Grande Forum},
  year = 	 1998,
  number = 	 {JGF-TR-03},
  month = 	 {November}
}

@Article{Carpenter:MPJ-concurrency,
  author    = {Bryan Carpenter and Vladimir Getov and Glenn Judd and
                Anthony Skjellum and Geoffrey Fox},
  title     = {{MPJ}: {MPI}-like message passing for {Java}},
  journal   = {Concurrency - Practice and Experience},
  volume    = {12},
  number    = {11},
  year      = {2000},
  pages     = {1019-1038}
}

@InProceedings{Baker:mpiJava99,
  author    = {Mark Baker and Bryan Carpenter and Geoffrey Fox and
                  Sung Hoon Ko and Sang Lim},
  title     = {mpi{Java}: An Object-Oriented {Java} Interface to {MPI}},
  booktitle = {Parallel and Distributed Processing, 11 IPPS/SPDP'99
Workshops Held in Conjunction with the 13th International
Parallel Processing Symposium and 10th Symposium on
Parallel and Distributed Processing, San Juan, Puerto Rico,
USA, April 12-16, 1999, Proceedings},
  pages     = {748-762},
  year      = {1999},
  editor    = {Jos{\'e} D. P. Rolim and Frank Mueller
and Albert Y. Zomaya and Fikret Er\c{c}al and Stephan Olariu
and Binoy Ravindran and Jan Gustafsson and Hiroaki Takada
and Ronald A. Olsson and Laxmikant V. Kal{\'e} and Peter H. Beckman
and Matthew Haines and Hossam A. ElGindy and Denis Caromel
and Serge Chaumette and Geoffrey Fox and Yi Pan and Keqin Li
and Tao Yang and G. Ghiola and Gianni Conte and Luigi V. Mancini
and Dominique M{\'e}ry and Beverly A. Sanders and Devesh Bhatt
and Viktor K. Prasanna},
  volume    = {1586},
  series    = {Lecture Notes in Computer Science},
  month     = {April},
  publisher = {Springer}
}


@Article{GetovGMS:SciPro99,
  author = 	 {Vladimir Getov and Paul A. Gray and Sava Mintchev
and Vaidy S. Sunderam},
  title = 	 {Multi-language programming environments for high
performance {Java} computing},
  journal = 	 {Scientific Programming},
  year = 	 {1999},
  volume = 	 {7},
  number = 	 {2},
  pages = 	 {139-146}
}

@InProceedings{mintchev:javaMPI97,
  author = 	 {Sava Mintchev and Vladimir Getov},
  title = 	 {Towards Portable Message Passing in {Java}: Binding {MPI}},
  booktitle = 	 {Recent Advances in Parallel Virtual Machine and Message
Passing Interface, 4th European PVM/MPI Users' Group Meeting, Crakow,
Poland, November 3-5, 1997, Proceedings},
  pages = 	 {135-142},
  year = 	 {1997},
  editor = 	 {Marian Bubak and Jack Dongarra and Jerzy Wa'sniewski},
  volume = 	 {1332},
  series = 	 {Lecture Notes in Computer Science},
  publisher =    {Springer}
}

@InProceedings{Judd:designjava99,
  author = 	 {Glenn Judd and Mark Clement and Quinn Snell
and Vladimir Getov},
  title = 	 {Design issues for efficient implementation of {MPI}
in {Java}},
  booktitle = 	 {Proceedings of the ACM 1999 conference on Java Grande},
  pages = 	 {58-65},
  year = 	 {1999},
  address =      {San Francisco, California, United States},
  publisher =    {ACM Press}
}

@Article{Judd:concurrency98,
  author = 	 {Glenn Judd and Mark Clement and Quinn Snell},
  title = 	 {{DOGMA}: Distributed Object Group Metacomputing
Architecture},
  journal = 	 {Concurrency - Practice and Experience},
  year = 	 1998,
  volume = 	 10,
  number = 	 {11-13},
  pages = 	 {977-983}
}


@Misc{rdma-cons:web,
  author = 	 {{RDMA Consortium}},
  OPTnote =  {{http://www.rdmaconsortium.org/home}},
  url = 	 {http://www.rdmaconsortium.org/home}
}


@Misc{pcc-cons:web-e,
  author = 	 {{PC Cluster Consortium}},
  url = 	 {http://www.pccluster.org/}
}


@Misc{myricom:web,
  author = 	 {{Myricom, Inc.}},
  OPTnote =	 {{http://www.myricom.com/}},
  url =      {http://www.myricom.com/}
}


@Misc{gridmpi:web,
  author = 	 {{GridMPI}},
  url =	 {http://www.gridmpi.org/}
}


@Misc{libnl:web,
  author = 	 {libnl - netlink library},
  url = 	 {http://people.suug.ch/\~{}tgr/libnl/}
}


@Misc{dummynet:web,
  author = 	 {dummynet},
  url = 	 {http://info.iet.unipi.it/\~{}luigi/ip\_dummynet/}
}


@Article{rtakano:ieice-tech-rep-psp06,
  author = 	 {R. Takano and T. Kudoh and Y. Kodama and M. Matsuda
and F Okazaki and Y Ishikawa},
  title = 	 {Improving {TCP} Performance by Using Precise Software
Pacing Method},
  journal =      {IEICE Technical Report},
  year = 	 2006,
  key = 	 {NS2005-157},
  volume =       105,
  number = 	 562,
  pages =        {29-32},
  note = 	 {(in Japanese)}
}


@InProceedings{matsuda:mpich-score,
  author = 	 {Motohiko Matsuda and Tomohiro Kudoh and Yutaka Ishikawa},
  title = 	 {Evaluation of {MPI} Implementations on Grid-connected
Clusters using an Emulated {WAN} Environment},
  booktitle = {Proceedings of the 3rd IEEE/ACM International
Symposium on Cluster Computing and the Grid (CCGrid 2003), 12-15 May 2003,
Tokyo, Japan},
  pages = 	 {10-17},
  publisher =    {IEEE Computer Society},
  year = 	 {2003},
  month =        {May}
}

@InProceedings{takahashi:pm2,
  author = 	 {Toshiyuki Takahashi and Shinji Sumimoto and Atsushi Hori
and Hiroshi Harada and Yutaka Ishikawa},
  title = 	 {{PM2}: High Performance Communication Middleware for
Heterogeneous Network Environments},
  booktitle = 	 {Supercomputing '00: Proceedings of the 2000 ACM/IEEE
Conference on Supercomputing (CDROM)},
  pages = 	 16,
  year = 	 2000,
  month = 	 {November},
  publisher = {IEEE Computer Society}
}

@InProceedings{segawa:pvfs-pm,
  author = 	 {Koji Segawa and Osamu Tatebe and Yuetsu Kodama
and Tomohiro Kudoh and Toshiyuki Shimizu},
  title = 	 {Design and Implementation of {PVFS-PM}:
a cluster file system on {SCore}},
  booktitle = 	 {Proceedings of the 3rd IEEE/ACM International
Symposium on Cluster Computing and the Grid (CCGrid 2003),
Parallel I/O in Cluster Computing and Computational Grids
Workshop},
  pages = 	 {705-711},
  year = 	 {2003},
  month = 	 {May},
  publisher = {IEEE Computer Society}
}


@TechReport{takemiya:starpc,
  author = 	 {Hiroshi Takemiya and Nobuhiro Yamagishi},
  title = 	 {Starpc: a Library for Communication among Tools
on a Parallel Computer Cluster -- User's and Developer's Guide to
Starpc --},
  institution =  {JAEA},
  year = 	 {2000},
  number = 	 {JAERI-Data/Code 2000-006},
  month = 	 {February},
  note = 	 {(in Japanese)}
}

@InCollection{tsujita:stampi-book,
  author = 	 {Yuichi Tsujita and Toshiyuki Imamura and
Nobuhiro Yamagishi and Hiroshi Takemiya},
  title = 	 {Flexible Message Passing Interface for a Heterogeneous
Computing Environment},
  booktitle = 	 {New Horizons of Parallel and Distributed Computing},
  pages = 	 {3-19},
  publisher = {Springer},
  year = 	 {2005},
  editor = 	 {Minyi Guo and Laurence Tianruo Yang},
  chapter = 	 {1}
}

@InProceedings{imamura:stampi,
  author =       {Toshiyuki Imamura and Yuichi Tsujita and Hiroshi Koide
and Hiroshi Takemiya},
  title =        {An Architecture of {Stampi}: {MPI} Library on a Cluster
of Parallel Computers},
  booktitle =    {Recent Advances in Parallel Virtual Machine and Message
Passing Interface, 7th European PVM/MPI Users' Group Meeting,
Balatonf{\"u}red, Hungary, September 2000, Proceedings},
  year =         {2000},
  editor =       {Jack Dongarra and P{\'e}ter Kacsuk and Norbert Podhorszki},
  series =       {Lecture Notes in Computer Science},
  volume =       {1908},
  pages =        {200-207},
  publisher =    {Springer}
}

@InProceedings{tsujita:stampi-io,
  author =       {Yuichi Tsujita and Toshiyuki Imamura and Hiroshi Takemiya
and Nobuhiro Yamagishi},
  title =        {{Stampi-I/O}: A Flexible Parallel-{I/O} Library for
Heterogeneous Computing Environment},
  booktitle =    {Recent Advances in Parallel Virtual Machine and
Message Passing Interface, 9th European PVM/MPI Users' Group Meeting,
Linz, Austria, September 29 - October 2, 2002, Proceedings},
  year =         {2002},
  editor =       {Dieter Kranzlm{\"u}ller and P{\'e}ter Kacsuk and
Jack Dongarra and Jens Volkert},
  series =       {Lecture Notes in Computer Science},
  volume =       {2474},
  pages =        {288-295},
  publisher =    {Springer}
}

@InProceedings{tsujita:stampi-score-ispa03,
  author = 	 {Yuichi Tsujita and Toshiyuki Imamura
and Nobuhiro Yamagishi and Hiroshi Takemiya},
  title = 	 {{MPI-2} Support for Heterogeneous Computing Environment
Using an {SCore} Cluster System},
  booktitle = 	 {Parallel and Distributed Processing and Applications,
International Symposium, ISPA 2003, Aizu, Japan, July 2-4, 2003,
Proceedings},
  pages = 	 {139-144},
  year = 	 {2003},
  editor = 	 {Minyi Guo and Laurence Tianruo Yang},
  volume = 	 {2745},
  series = 	 {Lecture Notes in Computer Science},
  publisher =    {Springer}
}

@InProceedings{tsujita:stampi-io-gcc2003,
  author = 	 {Yuichi Tsujita},
  title = 	 {Flexible Intermediate Library for {MPI-2} Support
on an {SCore} Cluster System},
  booktitle = 	 {Grid and Cooperative Computing, Second International
Workshop, GCC 2003, Shanghai, China, December 7-10, 2003, Revised Papers,
Part II},
  pages = 	 {129-136},
  year = 	 {2004},
  editor = 	 {Minglu Li and Xian-He Sun and Qianni Deng and Jun Ni},
  volume = 	 {3033},
  series = 	 {Lecture Notes in Computer Science},
  publisher =    {Springer}
}

@InProceedings{tsujita:stampi-io-pvfs-hpcasia04,
  author = {Yuichi Tsujita},
  title = {Implementation of an {MPI-I/O} Mechanism Using {PVFS} in
Remote I/O to a PC Cluster},
  booktitle = {Proceedings of the High Performance Computing and Grid in
  Asia Pacific Region, Seventh International Conference on (HPCAsia'04)},
  year = 2004,
  isbn = {0-7695-2138-X},
  pages = {136-139},
  publisher = {IEEE Computer Society}
}

@InProceedings{tsujita:stampi-DAPSYS04,
  author = {Yuichi Tsujita},
  title = {{MPI-I/O} with a Shared File Pointer Using a Parallel Virtual
  File System},
  booktitle = {Distributed and Parallel Systems: Cluster and Grid
  Computing},
  pages = {47-54},
  year = {2004},
  editor = {Zolt{\'a}n Juh{\'a}sz and P{\'e}ter Kacsuk and
  Dieter Kranzlm{\"u}ller},
  volume = {777},
  series = {The Kluwer International Series in Engineering and Computer
  Science},
  isbn = {0-387-23094-7},
  publisher = {Springer}
}

@InProceedings{tsujita:stampi-score-ispa04,
  author = 	 {Yuichi Tsujita},
  title = 	 {Effective Nonblocking {I/O} in Remote {I/O} Operations
Using a Multithreaded Mechanism},
  booktitle = 	 {Parallel and Distributed Processing and Applications,
International Symposium, ISPA 2004, Hong Kong, China, December 13-15,
2004, Proceedings},
  pages = 	 {34-43},
  year = 	 {2004},
  editor = 	 {Jiannong Cao and Laurence T. Yang and Minyi Guo
and Francis Lau},
  volume = 	 {3358},
  series = 	 {Lecture Notes in Computer Science},
  publisher =    {Springer}
}

@InProceedings{tsujita:stampi-pdcn2005,
  author    = 	 {Yuichi Tsujita},
  title     = 	 {Effective Overlap of Computation with {I/O} Operations
in Remote {MPI-I/O} Operations using a Multithreaded {I/O} Mechanism},
  booktitle = 	 {Proceedings of the IASTED International Conference
on Parallel and Distributed Computing and Networks, part of the 23rd
Multi-Conference on Applied Informatics, Innsbruck, Austria, February
15-17, 2005},
  pages     = 	 {228-233},
  editor    =    {Thomas Fahringer and M. H. Hamza},
  year      = 	 {2005},
  month     =    {February},
  publisher =    {ACTA Press}
}

@InProceedings{tsujita:stampi-hpcc05,
  author = 	 {Yuichi Tsujita},
  title = 	 {Optimization of Nonblocking {MPI-I/O} to a Remote
Parallel Virtual File System Using a Circular Buffer},
  booktitle = 	 {High Performance Computing and Communications,
First International Conference, HPCC 2005, Sorrento, Italy, September
21-23, 2005, Proceedings},
  pages = 	 {585-594},
  year = 	 {2005},
  editor = 	 {Laurence Tianruo Yang and Omer F. Rana and
Beniamino Di Martino and Jack Dongarra},
  volume = 	 {3726},
  series = 	 {Lecture Notes in Computer Science},
  publisher =    {Springer}
}

@InProceedings{tsujita:stampi-pdcs2005,
  author = 	 {Yuichi Tsujita},
  title = 	 {Effective Remote {MPI-I/O} on a Parallel Virtual File
System Using a Circular Buffer: A Case Study for Optimization},
  booktitle = 	 {Proceedings of 17th IASTED International Conference
on Parallel and Distributed Computing Systems, PDCS 2005,
November 14-16, 2005, Phoenix, AZ, USA},
  pages = 	 {490-495},
  year = 	 {2005},
  editor = 	 {S. Q. Zheng},
  month = 	 {November},
  publisher = {ACTA Press}
}

@Article{tsujita:stampi-io-ieice,
  author = 	 {Yuichi Tsujita},
  title = 	 {Realizing Effective {MPI-I/O} to a Remote Computer
Using a Parallel Virtual File System},
  journal = 	 {IEICE Transactions on Information and Systems},
  year = 	 {2006},
  volume = 	 {E89-D},
  number = 	 {2},
  pages = 	 {425-432},
  month = 	 {February}
}

@InProceedings{tsujita:stampi-pvmmpi06,
  author = 	 {Yuichi Tsujita},
  title = 	 {Effective Seamless Remote {MPI-I/O} Operations with
Derived Data Types Using {PVFS2}},
  booktitle = 	 {Recent Advances in Parallel Virtual Machine and
Message Passing Interface, 13th European PVM/MPI Users' Group Meeting,
Bonn, Germany, September 17-20, 2006, Proceedings},
  pages = 	 {230-237},
  year = 	 {2006},
  editor = 	 {Bernd Mohr and Jesper Larsson Tr{\"a}ff and
Joachim Worringen and Jack Dongarra},
  volume = 	 {4192},
  series = 	 {Lecture Notes in Computer Science},
  publisher =    {Springer},
  isbn =         {3-540-39110-X},
  ee =           {http://dx.doi.org/10.1007/11846802_35}
}

@TechReport{wccs03:wpaper,
  author = {C.~Russel},
  title  = {Overview of {Microsoft Windows Compute Cluster Server} 2003,
white paper},
  institution =  {Microsoft Corporation},
  year = 	 {2005},
  month = 	 {November}
}

@Misc{kawamura-lab:web,
  author =  {{Kawamura Laboratory, Tokyo Institute of Technology}},
  url =   {{http://www.geo.titech.ac.jp/kawamuralab/kawamuralab.e.html}}
}

@Misc{vesta:web,
  author =   {{VESTA}},
  url  =   {{http://www.geocities.jp/kmo\_mma/crystal/en/vesta.html}}
}

@Article{momma:vesta-08,
  author = 	 {K. Momma and F. Izumi},
  title = 	 {{VESTA}: a three-dimensional visualization system
 for electronic and structural analysis},
  journal = 	 {J. Appl. Crystallogr.},
  year = 	 {2008},
  volume = 	 {41},
  pages = 	 {653-658}
}

@InProceedings{tsujita:pvmmpi08,
  author = 	 {Yuichi Tsujita and Takuya Maruyama and Yuhei Onishi},
  title = 	 {A Compact Computing Environment for
a {Windows} Cluster: Giving Hints and Assisting Job Execution},
  booktitle = 	 {Recent Advances in Parallel Virtual Machine and
Message Passing Interface, 15th European PVM/MPI Users' Group Meeting,
Dublin, Ireland, September 7-10, 2008, Proceedings},
  pages =        {322-323},
  year = 	 {2008},
  volume = 	 {5205},
  series = 	 {Lecture Notes in Computer Science},
  publisher =    {Springer}
}

@Misc{T2K-OpenSC:web,
  author = 	 {{T2K Open Supercomputer Alliance}},
  OPTnote = 	 {http://www.open-supercomputer.org/},
  url = 	 {http://www.open-supercomputer.org/}
}

@Article{P.Balaji:PPL2011,
  author = {Pavan Balaji and
               Darius Buntinas and
               David Goodell and
               William Gropp and
               Torsten Hoefler and
               Sameer Kumar and
               Ewing L. Lusk and
               Rajeev Thakur and
               Jesper Larsson Tr{\"a}ff},
  title =     {{MPI} on Millions of Cores},
  journal =   {Parallel Processing Letters},
  volume    = {21},
  number    = {1},
  year      = {2011},
  pages     = {45-60}
}

@Misc{KNEM:web,
  author = 	 {KNEM},
  title = 	 {High-Performance Intra-Node {MPI} Communication},
  url = 	 {http://runtime.bordeaux.inria.fr/knem/}
}

@InProceedings{hwloc:PDP2010,
  author =    {Fran\c{c}ois Broquedis and
               J{\'e}r{\^o}me Clet-Ortega and
               Stephanie Moreaud and
               Nathalie Furmento and
               Brice Goglin and
               Guillaume Mercier and
               Samuel Thibault and
               Raymond Namyst},
  title = 	 {hwloc: A Generic Framework for Managing Hardware
               Affinities in {HPC} Applications},
  booktitle = {Proceedings of the 18th Euromicro Conference on Parallel,
               Distributed and Network-based Processing, PDP 2010, Pisa,
               Italy, February 17-19, 2010},
  pages = 	 {180-186},
  year = 	 {2010},
  OPTeditor = 	 {Marco Danelutto and
                  Julien Bourgeois and
                  Tom Gross},
  OPTmonth = 	 {},
  publisher = {IEEE Computer Society}
}

@Misc{likwid:web,
  author = 	 {likwid},
  title = 	 {Lightweight performance tools},
  OPThowpublished = {},
  OPTmonth = 	 {},
  OPTyear = 	 {},
  url = {http://code.google.com/p/likwid/},
  OPTnote = 	 {},
  OPTannote = 	 {}
}

@InProceedings{Kamal:HPDC2010,
  author =  {Humaira Kamal and Seyed Mirtaheri and Alan Wagner},
  title =   {Scalability of Communicators and Groups in {MPI}},
  booktitle = {Proceedings of the 19th ACM International Symposium
   on High Performance Distributed Computing},
  year = {2010},
  pages = {264-275},
  publisher = {ACM},
  address = {New York, NY, USA}
}

@InProceedings{Hursey:Cluster2011,
  author =     {Joshua Hursey and
               Jeffrey M. Squyres and
               Terry Dontje},
  title = 	 {Locality-Aware Parallel Process Mapping for
               Multi-core HPC Systems},
  booktitle = {Proceedings of 2011 IEEE International Conference
               on Cluster Computing (CLUSTER), Austin, TX, USA,
               September 26-30, 2011},
  pages = 	 {527-531},
  year = 	 {2011},
  publisher = {IEEE}
}

@InProceedings{Goodell:EuroMPI2011,
  author = {David Goodell and William Gropp
            and Xin Zhao and Rajeev Thakur},
  title     = {Scalable Memory Use in {MPI}: A Case Study with {MPICH2}},
  booktitle = {Recent Advances in the Message Passing Interface
               - 18th European MPI Users' Group Meeting, EuroMPI 2011,
               Santorini, Greece, September 18-21, 2011. Proceedings},
  publisher = {Springer},
  series    = {Lecture Notes in Computer Science},
  volume    = {6960},
  year      = {2011},
  pages     = {140-149}
}

@InProceedings{Ma:IPDPS2012,
  author = 	 {Teng Ma and George Bosilca and Aurelien Bouteiller
                 and Jack J. Dongarra},
  title = 	 {{HierKNEM}: An Adaptive Framework for Kernel-Assisted
                 and Topology-Aware Collective Communications on
                 Many-core Clusters},
  booktitle = {Proceedings of 26th IEEE International Parallel and
              Distributed Processing Symposium(IPDPS '12)},
  OPTpages = 	 {},
  year = 	 {2012},
  OPTeditor = 	 {},
  OPTvolume = 	 {},
  OPTnumber = 	 {},
  OPTseries = 	 {},
  OPTaddress = 	 {},
  OPTmonth = 	 {},
  OPTorganization = {},
  OPTpublisher = {IEEE Computer Spciety},
  OPTnote = 	 {},
  OPTannote = 	 {}
}


@InProceedings{SatoM:ROSS12,
  author = 	 {Mikiko Sato and Go Fukazawa and Kiyohiko Nagamine
                 and Ryuichi Sakamoto and Mitaro Namiki
                 and Kazumi Yoshinaga and Yuichi Tsujita
                 and Atsushi Hori and Yutaka Ishikawa},
  title = 	 {A Design of Hybrid Operating System for a Parallel
                 Computer with Multi-Core and Many-Core Processors},
  booktitle =    {Proceedings of the 2nd International Workshop
on Runtime and Operating Systems for Supercomputers},
  series =       {ROSS '12},
  year =         {2012},
  isbn =         {978-1-4503-1460-2},
  location =     {Venice, Italy},
  pages =        {9:1--9:8},
  articleno =    {9},
  numpages =     {8},
  url =          {http://doi.acm.org/10.1145/2318916.2318927},
  doi =          {10.1145/2318916.2318927},
  publisher =    {ACM}
}

@InProceedings{liu:CCGRID2013,
  author = 	 {Jialin Liu and Yong Chen and Yu Zhuang},
  title = 	 {Hierarchical {I/O} Scheduling for Collective {I/O}},
  booktitle =    {Cluster, Cloud and Grid Computing (CCGrid), 2013 13th IEEE/ACM
                 International Symposium on},
  pages = 	 {211-218},
  year = 	 {2013},
  month =        {May},
  OPTdoi =          {10.1109/CCGrid.2013.30},
  OPTpublisher =    {},
  OPTnote = 	 {},
  OPTannote = 	 {}
}

@InProceedings{sehrish:eurompi2013,
  author = 	 {Saba Sehrish and Seung Woo Son and Wei-keng Liao and
               Alok Choudhary and Karen Schuchardt},
  title = 	 {Improving Collective {I/O} Performance by Pipelining Request
               Aggregation and File Access},
  booktitle =    {20th European MPI User's Group Meeting, EuroMPI'13, Madrid, Spain},
  pages = 	 {37-42},
  year = 	 {2013},
  editor = 	 {Javier Garc\'{\i}a Blas and Jes{\'u}s Carretero and Jack Dongarra},
  OPTvolume = 	 {},
  OPTnumber = 	 {},
  OPTseries = 	 {},
  OPTaddress = 	 {},
  month = 	 {September},
  OPTorganization = {},
  publisher =    {ACM}
}

@InProceedings{cha:icppw2011,
  author = 	 {Kwangho Cha and Seungryoul Maeng},
  title = 	 {An Efficient {I/O} Aggregator Assignment Scheme for Collective {I/O}
Considering Processor Affinity},
  booktitle = {2011 International Conference on Parallel Processing Workshops, {ICPPW}
               2011, Taipei, Taiwan, Sept. 13-16, 2011},
  editor    = {Jang{-}Ping Sheu and
               Cho{-}Li Wang},
  pages     = {380--388},
  year      = {2011},
  publisher = {{IEEE} Computer Society},
  doi       = {10.1109/ICPPW.2011.23},
  OPTannote = 	 {}
}

@InProceedings{Chaarawi:cluster2011,
  author = 	 {Mohamad Chaarawi and Edgar Gabriel},
  title = 	 {Automatically Selecting the Number of Aggregators
for Collective {I/O} Operations},
  OPTcrossref =  {},
  OPTkey = 	 {},
  booktitle = {Proceedings of the 2011 IEEE International Conference on Cluster Computing},
  pages = 	 {428-437},
  year = 	 {2011},
  OPTeditor = 	 {},
  OPTvolume = 	 {},
  OPTnumber = 	 {},
  series = 	 {CLUSTER'11},
  OPTaddress = 	 {},
  OPTmonth = 	 {},
  OPTorganization = {},
  publisher = {IEEE Computer Society},
  OPTnote = 	 {},
  OPTannote = 	 {}
}

@InProceedings{jin:eurompi2011,
  author = 	 {},
  title = 	 {Improving the Average Response Time in Collective {I/O}},
  OPTcrossref =  {},
  OPTkey = 	 {},
  booktitle = {Recent Advances in the Message Passing Interface
               - 18th European MPI Users' Group Meeting, EuroMPI 2011,
               Santorini, Greece, September 18-21, 2011. Proceedings},
  pages = 	 {71-80},
  year = 	 {2011},
  OPTeditor = 	 {},
  volume = 	 {6960},
  OPTnumber = 	 {},
  series = 	 {Lecture Notes in Computer Science},
  OPTaddress = 	 {},
  OPTmonth = 	 {},
  OPTorganization = {},
  publisher = {Springer},
  OPTnote = 	 {},
  OPTannote = 	 {}
}


@InProceedings{yu:BGL_IO_hpca2006,
  author =       {H. Yu and R. K. Sahoo and C. Howson and G. Almási and J. G. Castaños and M. Gupta
and J. E. Moreira and J. J. Parker},
  title =        {High Performance File {I/O} for {The Blue Gene/L} Supercomputer},
  year =         {2006},
  booktitle =    {The 20th International Symposium on High Performance Computer Architecture},
  pages = 	 {187-196},
  year = 	 {2006},
  OPTeditor = 	 {},
  OPTvolume = 	 {},
  OPTnumber = 	 {},
  OPTseries = 	 {},
  OPTaddress = 	 {},
  OPTmonth = 	 {},
  OPTorganization = {},
  publisher    = {IEEE},
  OPTnote = 	 {},
  OPTannote = 	 {}
}

@InProceedings{vishwanath:SC11,
  author = 	 {Venkatram Vishwanath and Mark Hereld and Vitali Morozov and Michael E. Papka},
  title =        {Topology-aware Data Movement and Staging for {I/O} Acceleration
  on {Blue Gene/P} Supercomputing Systems},
  booktitle =    {Proceedings of 2011 International Conference for High Performance Computing,
  Networking, Storage and Analysis},
  series =       {SC '11},
  year =         {2011},
  OPTisbn =      {978-1-4503-0771-0},
  OPTlocation =  {Seattle, Washington},
  pages =        {19:1--19:11},
  articleno =    {19},
  OPTnumpages =  {11},
  OPTurl =       {http://doi.acm.org/10.1145/2063384.2063409},
  OPTdoi =       {10.1145/2063384.2063409},
  OPTacmid =     {2063409},
  publisher =    {ACM}
}

@InProceedings{chen:ipdps11,
  author = 	 {Yong Chen and Xian-He Sun and Rajeev Thakur and Philip C. Roth and William D. Gropp},
  title =        {{LACIO}: A New Collective {I/O} Strategy for Parallel {I/O} Systems},
  OPTcrossref =  {},
  OPTkey = 	 {},
  booktitle =    {Proceedings of 25th IEEE International Parallel and
                  Distributed Processing Symposium(IPDPS '11)},
  pages = 	     {794-804},
  year = 	     {2011},
  OPTeditor = 	 {},
  OPTvolume = 	 {},
  OPTnumber = 	 {},
  OPTseries = 	 {},
  OPTaddress = 	 {},
  OPTmonth = 	 {},
  OPTorganization = {},
  publisher =    {IEEE},
  OPTnote = 	 {},
  OPTannote = 	 {}
}

@InProceedings{xie:sc12,
  author = 	 {B. {Xie} and J. {Chase} and D. {Dillow} and O. {Drokin} and S. {Klasky} and S. {Oral} and N. {Podhorszki}},
  title =        {Characterizing Output Bottlenecks in a Supercomputer},
  booktitle =    {Proceedings of 2012 International Conference for High Performance Computing,
  Networking, Storage and Analysis},
  series =       {SC'12},
  year =         {2012},
  pages =        {1-11},
  OPTarticleno =    {},
  publisher =    {IEEE}
}

@InProceedings{liu:bigdata2013,
  author = 	 {Jialin Liu and Bradly Crysler and Yin Lu and Yong Chen},
  title = 	 {Locality-driven High-level I/O Aggregation for Processing Scientific Datasets},
  OPTcrossref =  {},
  OPTkey = 	 {},
  booktitle = {IEEE International Conference on BigData 2013},
  pages = 	 {103-111},
  year = 	 {2013},
  OPTeditor = 	 {},
  OPTvolume = 	 {},
  OPTnumber = 	 {},
  OPTseries = 	 {},
  OPTaddress = 	 {},
  OPTmonth = 	 {},
  OPTorganization = {},
  publisher = {IEEE},
  OPTnote = 	 {},
  OPTannote = 	 {}
}

@InProceedings{wang:icpads2014,
    author = {Feiyi Wang and Sarp Oral and Saurabh Gupta and Devesh Tiwari and Sudharshan S. Vazhkudai},
    title = {Improving Large-Scale Storage System Performance via Topology-Aware
        and Balanced Data Placement},
    booktitle = {2014 20th IEEE International Conference on Parallel and Distributed Systems (ICPADS)},
    year = {2014},
    pages = {656-663},
    OPTdoi = {doi.ieeecomputersociety.org/10.1109/PADSW.2014.7097866},
    publisher = {IEEE Computer Society},
    OPTaddress = {Los Alamitos, CA, USA},
}



@Misc{Intel:MIC-PressRelease,
  author = 	 {Intel},
  title = 	 {Intel Unveils New Product Plans for High-Performance
Computing},
  year = 	 {2010},
  url = 	 {http://www.intel.com/pressroom/archive/releases/2010/20100531comp.htm}
}

@Misc{TACC-Stampede:web,
  author = 	 {{Texas Advanced Computing Center}},
  title = 	 {Stampede},
  url = 	 {http://www.tacc.utexas.edu/stampede}
}

@Misc{MVAPICH2:web,
  author = 	 {{The Ohio State University}},
  title = 	 {{MVAPICH: MPI over InfiniBand, 10GigE/iWARP and RoCE}},
  url = 	 {http://mvapich.cse.ohio-state.edu/index.shtml}
}

@Misc{OpenMPI:web,
  author = 	 {{Open MPI}},
  title = 	 {{Open Source High Performance Computing}},
  url = 	 {http://www.open-mpi.org/},
  OPTnote = 	 {{http://www.open-mpi.org/}},
  OPTrefdate = {}
}

@Misc{CPUSpeed:web,
  author =       {{CPUSpeed}},
  OPTtitle = 	 {{CPUSpeed}},
  url = 	 {http://www.carlthompson.net/Software/CPUSpeed}
}

@Misc{fluentd:web,
  author = 	 {{fluentd}},
  OPTtitle = 	 {},
  howpublished = {\url{https://www.fluentd.org/}},
  url =          {https://www.fluentd.org/}
}

@InProceedings{kazumi:EuroMPI2012,
  author = 	 {Kazumi Yoshinaga and Yuichi Tsujita and Atsushi Hori
and Mikiko Sato and Mitaro Namiki and Yutaka Ishikawa},
  title =        {Delegation-Based MPI Communications for a Hybrid Parallel
Computer with Many-Core Architecture},
  booktitle =    {Proceedings of the 19th European conference on
Recent Advances in the Message Passing Interface},
  year =         {2012},
  isbn =         {978-3-642-33517-4},
  location =     {Vienna, Austria},
  pages =        {47-56},
  numpages =     {10},
  url =          {http://dx.doi.org/10.1007/978-3-642-33518-1_10},
  doi =          {10.1007/978-3-642-33518-1_10},
  series    =    {Lecture Notes in Computer Science},
  volume    =    {7490},
  publisher =    {Springer}
}

@InProceedings{kazumi:PDP2013,
  author = 	 {Kazumi Yoshinaga and Yuichi Tsujita and Atsushi Hori and
               Mikiko Sato and Mitaro Namiki and Yutaka Ishikawa},
  title = 	 {A Delegation Mechanism on Many-Core Oriented Hybrid Parallel
               Computers for Scalability of Communicators and Communications
               in {MPI}},
  booktitle = {21st Euromicro International Conference on Parallel, Distributed,
               and Network-Based Processing, PDP 2013, Belfast, United
               Kingdom, February 27 - March 1, 2013},
  pages = 	 {249-253},
  year = 	 {2013},
  publisher = {IEEE Computer Society}
}

@InProceedings{tsujita:PPAM2013,
  author = 	 {Yuichi Tsujita and
               Kazumi Yoshinaga and
               Atsushi Hori and
               Mikiko Sato and
               Mitaro Namiki and
               Yutaka Ishikawa},
  title = 	 {Improving Parallel {I/O} Performance Using Multithreaded Two-Phase
               {I/O} with Processor Affinity Management},
  booktitle = {Parallel Processing and Applied Mathematics - 10th International
               Conference, PPAM 2013, Warsaw, Poland, September 8-11, 2013,
               Revised Selected Papers, Part I},
  pages = 	 {714-723},
  year = 	 {2014},
  editor = 	 {Roman Wyrzykowski and
               Jack Dongarra and
               Konrad Karczewski and
               Jerzy Wasniewski},
  volume = 	 {8384},
  series = 	 {Lecture Notes in Computer Science},
  publisher = {Springer}
}

@InProceedings{tsujita:PDP2014,
  author = 	 {Yuichi Tsujita and
               Kazumi Yoshinaga and
               Atsushi Hori and
               Mikiko Sato and
               Mitaro Namiki and
               Yutaka Ishikawa},
  title = 	 {Multithreaded Two-Phase {I/O}: Improving Collective {MPI-IO}
               Performance on a {Lustre} File System},
  booktitle = {22nd Euromicro International Conference on Parallel, Distributed,
               and Network-Based Processing, PDP 2014, Torino, Italy, February
               12-14, 2014},
  pages = 	 {232-235},
  year = 	 {2014},
  publisher = {IEEE Computer Society}
}

@Article{K-comp:fujitsu-tech-si,
  author =       {Hiroyuki Miyazaki and Yoshihiro Kusano and Naoki Shinjou
and Fumiyoshi Shoji and Mitsuo Yokokawa and Tadashi Watanabe},
  title =        {Overview of the {K} Computer System},
  journal =      {Fujitsu Sci. Tech. J.},
  year =         {2012},
  OPTmonth =        {July},
  volume =       {48},
  number =       {3},
  pages =        {255-265}
}

@Article{fefs:fujitsu-tech-si,
  author = 	 {Kenichiro Sakai and Shinji Sumimoto and Motoyoshi Kurokawa},
  title = 	 {High-Performance and Highly Reliable File System for the {K} computer},
  year = 	 {2012},
  OPTmonth = 	 {July},
  journal =      {Fujitsu Sci. Tech. J.},
  volume =       {48},
  number = 	 {3},
  pages = 	 {302-309}
}

@Article{sched:fujitsu-tech-si,
  author = {Kouichi Hirai and Yuji Iguchi and Atsuya Uno and Motoyoshi Kurokawa},
  title = {Operations Management Software for the {K} computer},
  year = {2012},
  OPTmonth = {July},
  journal = {Fujitsu Sci. Tech. J.},
  volume = {48},
  number = {3},
  pages = {310-316}
}

@Article{fjmpi:fujitsu-tech-si,
  author = 	 {Naoyuki Shida and Shinji Sumimoto and Atsuya Uno},
  title = 	 {{MPI} Library and Low-Level Communication on the {K} computer},
  year = 	 {2012},
  OPTmonth = 	 {July},
  journal =      {Fujitsu Sci. Tech. J.},
  volume =       {48},
  number = 	 {3},
  pages = 	 {324-330}
}

@article{profiler:fujitsu-tech-si,
  author = {Keiichi Ida and Yasuyuki Ohno and Shunsuke Inoue and kazuo Minami},
  title = {Performance Profiling and Debugging on the {K computer}},
  year = {2012},
  month = {July},
  journal = {Fujitsu Sci. Tech. J.},
  volume = {48},
  number = {3},
  pages = {331-339}
}

@Article{maruyama_sparc:micro2010,
  author = {Takumi Maruyama and Toshio Yoshida and Ryuji Kan and Iwao Yamazaki and Shuji Yamamura
        and Noriyuki Takahashi and Mikio Hondou and Hiroshi Okano},
  title = {Sparc64 {VIIIfx}: A New-Generation Octocore Processor for Petascale Computing},
  journal ={IEEE Micro},
  volume = {30},
  number = {2},
  OPTissn = {0272-1732},
  year = {2010},
  pages = {30-40},
  doi = {http://doi.ieeecomputersociety.org/10.1109/MM.2010.40},
  publisher = {IEEE Computer Society},
  OPTaddress = {Los Alamitos, CA, USA},
}

@Article{tofu:micro2012,
  author =    {Yuichiro Ajima and
               Tomohiro Inoue and
               Shinya Hiramoto and
               Yuzo Takagi and
               Toshiyuki Shimizu},
  title     = {The {Tofu} Interconnect},
  journal   = {IEEE Micro},
  volume    = {32},
  number    = {1},
  year      = {2012},
  pages     = {21-31},
  OPTkey =       {},
  OPTnote =      {},
  OPTannote =    {}
}

@InProceedings{tofuD:cluster2018,
  author    = {Yuichiro Ajima and Takahiro Kawashima and Takayuki Okamoto
  and Naoyuki Shida and Kouichi Hirai and Toshiyuki Shimizu
  and Shinya Hiramoto and Yoshiro Ikeda and Takahide Yoshikawa
  and Kenji Uchida and Tomohiro Inoue},
  booktitle = {2018 IEEE International Conference on Cluster Computing (CLUSTER)}, 
  title     = {The {Tofu Interconnect D}},
  year      = {2018},
  pages     = {646-654},
  publisher = {IEEE}
}

@Misc{fugaku_info:web,
  author = {{The supercomputer Fugaku}},
  OPTurl = {https://postk-web.r-ccs.riken.jp/index.html},
  url = {https://www.r-ccs.riken.jp/en/fugaku/},
  howpublished  = {\url{https://www.r-ccs.riken.jp/en/fugaku/}},
  lastaccessed = {2021-05-01}
}

@conference{morrone:LUG2011,
  author = {Chris Morrone},
  title = {{LMT} {Lustre} Monitoring Tools},
  booktitle = {Lustre User Group 2011},
  OPTmonth = {Apr},
  year = {2011},
  howpublished = {Oral}
}

@conference{sumimoto:LUG2011,
  author = {Shinji Sumimoto},
  title = {An Overview of {Fujitsu's} {Lustre} Based File System},
  booktitle = {Lustre User Group 2011},
  OPTmonth = {Apr},
  year = {2011},
  howpublished = {Oral}
}

@InProceedings{Monti:PDSW08,
  author={Henry M. Monti and Ali R. Butt and Sudharshan S. Vazhkudai},
  title={Just-in-time staging of large input data for supercomputing jobs},
  booktitle={2008 3rd Petascale Data Storage Workshop},
  pages={1-5},
  doi={10.1109/PDSW.2008.4811891},
  year={2008},
  month={Nov},
}

@InProceedings{Bauer:SC2014,
 author = {Bauer, Michael and Treichler, Sean and Slaughter, Elliott and Aiken, Alex},
 title = {Structure Slicing: Extending Logical Regions with Fields},
 booktitle = {Proceedings of the International Conference for High Performance Computing, Networking, Storage and Analysis},
 series = {SC'14},
 year = {2014},
 OPTisbn = {978-1-4799-5500-8},
 OPTlocation = {New Orleans, Louisana},
 pages = {845-856},
 numpages = {12},
 OPTurl = {https://doi.org/10.1109/SC.2014.74},
 OPTdoi = {10.1109/SC.2014.74},
 OPTacmid = {2683686},
 publisher = {IEEE Press},
 OPTaddress = {Piscataway, NJ, USA},
} 

@InProceedings{watkins:pdsw15,
 author= {Watkins, Noah and Jia, Zhihao and Shipman, Galen and Maltzahn, Carlos and Aiken, Alex and McCormick, Pat},
 title = {Automatic and Transparent {I/O} Optimization with Storage Integrated Application Runtime Support},
 booktitle = {Proceedings of the 10th Parallel Data Storage Workshop},
 series = {PDSW'15},
 year = {2015},
 OPTisbn = {978-1-4503-4008-3},
 OPTlocation = {Austin, Texas},
 pages = {49-54},
 numpages = {6},
 OPTurl = {http://doi.acm.org/10.1145/2834976.2834983},
 OPTdoi = {10.1145/2834976.2834983},
 OPTacmid = {2834983},
 publisher = {ACM},
 OPTaddress = {New York, NY, USA},
}

@InProceedings{saini:hipc12,
  author={S. Saini and J. Rappleye and J. Chang and D. Barker and P. Mehrotra and R. Biswas},
  title={{I/O} Performance Characterization of {Lustre} and {NASA} Applications on {Pleiades}},
  booktitle={19th International Conference on High Performance Computing (HiPC)},
  year={2012},
  pages={1-10},
  OPTdoi={10.1109/HiPC.2012.6507507},
  OPTmonth={Dec},
  OPTorganization = {},
  OPTpublisher = {},
  OPTnote = 	 {},
  OPTannote = 	 {}
}

@InProceedings{uselton:cug09,
  author = 	 {Andrew Uselton},
  title = 	 {Deploying Server-Side File System Monitoring at {NERSC}},
  booktitle = 	 {2009 Cray User Group Meeting},
  year = 	 {2009},
}

@Conference{gunasekaran:cug10,
  author =       {Raghul Gunasekaran and David A. Dillow and Galen M. Shipman and Don Maxwell
                 and Jason J. Hill and Byung H. Park and Al Geist},
  title =        {Correlating Log Messages for System Diagnostics},
  booktitle =    {2010 Cray User Group Meeting (CUG)},
  year =         {2010}
}

@Conference{dillow:cug11,
  author = {David A. Dillow and Galen M. Shipman and Sarp Oral and Zhe Zhang},
  title = {{I/O} Congenstion Avoidance via Routing and Object Placement},
  booktitle = {2011 Cray User Group Meeting},
  year = {2011},
}

@Conference{spitz:cug11,
  author =       {Cory Spitz and Ann Koehler},
  title =        {Tips and Tricks for Diagnosing Lustre Problems on Cray Systems},
  booktitle =    {2011 Cray User Group Meeting (CUG)},
  year =         {2011}
}

@Conference{ezell:cug12,
  author =       {Matt Ezell and Rick Mohr and John Wynkoop and Ryan Braby},
  title =        {{Lustre} at Petascale: Experiences in Troubleshooting and Upgrading},
  booktitle =    {2012 Cray User Group Meeting (CUG)},
  year =         {2012}
}

@Conference{pedretti:cug13,
  author =       {Kevin Pedretti and Courtenay Vaughan and Richard Barrett and Karen Devine and K. Scott Hemmert},
  title =        {Using the Cray Gemini Performance Counters},
  booktitle =    {2013 Cray User Group Meeting (CUG)},
  year =         {2013}
}

@InProceedings{uselton:cug13,
  author = 	 {Andrew Uselton and Nicholas Wright},
  title = 	 {A File System Utilization Metric for {I/O} Characterization},
  booktitle = 	 {2013 Cray User Group Meeting},
  year = 	 {2013},
}

@InProceedings{deconinck:cug16,
  author = 	 {Adam DeConinck and Amanda Bonnie and Kathleen Kelly and Samuel Sanchez
and Cynthia Martin and Michael Mason and Jim Brandt and Ann Gentile and Benjamin Allan and
Anthony Agelastos and Michael Davis and Michael Berry},
  title = 	 {Design and Implementation of a Scalable Monitoring System for {Trinity}},
  booktitle = 	 {2016 Cray User Group Meeting},
  year = 	 {2016},
  month =        {May},
}

@InProceedings{xu:cug16,
  author = 	 {Cong Xu and Suren Byna and Vishwanath Venkatesan and Rober Sisneros
 and Omkar Kulkarni and Mohamad Chaarawi and Kalyana Chadalavada},
  title = 	 {{LIOProf}: Exposing Lustre File System Behavior for {I/O} Middleware},
  booktitle = 	 {2016 Cray User Group Meeting},
  year = 	 {2016},
  month =        {May},
}

@InProceedings{zimmer:cug16,
  author =       {Christopher Zimmer and Saurabh Gupta and Ver´onica G. Vergara Larrea},
  title =        {Finally, A Way to Measure Frontend {I/O} Performance},
  booktitle =    {2016 Cray User Group Meeting (CUG)},
  year =         {2016}
}

@InProceedings{bhimji:cug16,
  author =       {Wahid Bhimji and Debbie Bard and Melissa Romanus and David Paul
and Andrey Ovsyannikov and Brian Friesen and Matt Bryson and Joaquin Correa
and Glenn K. Lockwood and Vakho Tsulaia and Suren Byna and Steve Farrell
and Doga Gursoyz and Chris Daley and Vince Beckner and Brian Van Straalen
and David Trebotich and Craig Tull and Gunther Weber and Nicholas J. Wright
and Katie Antypas and Prabhat},
  title =        {Accelerating Science with the NERSC Burst Buffer Early User Program},
  booktitle =    {2016 Cray User Group Meeting (CUG)},
  year =         {2016}
}

@InProceedings{deconinck:cug17,
  author = 	 {Adam J. DeConinck and Hai Nam and David Morton and Amanda Bonnie and Cory Lueninghoener 
and James Brandt and Ann Gentile and Kevin Pedretti and Anthony Agelastos and Courtenay Vaughan
and Simon Hammond and Benjamin Allan and Mike Davis and Jason Repik},
  title = 	 {Runtime Collection and Analysis of System Metrics for Production Monitoring
of {Trinity Phase II}},
  booktitle = 	 {2017 Cray User Group Meeting},
  year = 	 {2017},
  month =        {May},
}

@Conference{lockwood:cug18,
  author =       {Glenn K. Lockwood and Nicholas J. Wright and Shane Snyder and Philip Carns and George Brown and Kevin Harms},
  title =        {TOKIO on ClusterStor: Connecting Standard Tools to Enable Holistic {I/O} Performance Analysis},
  booktitle =    {2018 Cray User Group Meeting (CUG)},
  year =         {2018}
}

@INPROCEEDINGS{wang:cluster18,
  author = {Wang, Teng and Snyder, Shane and Lockwood, Glenn and Carns, Philip
and Wright, Nicholas and Byna, Suren},
  title = {{IOMiner}: Large-Scale Analytics Framework for Gaining Knowledge from {I/O} Logs},
  booktitle = {2018 IEEE International Conference on Cluster Computing (CLUSTER)},
  year = {2018},
  volume = {},
  number = {},
  pages = {466-476},
  OPTdoi = {10.1109/CLUSTER.2018.00062}
}

@Conference{crayview:cug18,
  author =       {Patricia Langer},
  title =        {Diagnosing Performance Issues in {Cray ClusterStor} Systems},
  booktitle =    {2018 Cray User Group Meeting (CUG)},
  year =         {2018}
}

@Conference{ahlgren:cug18,
  author =       {Ville Ahlgren and Stefan Andersson and Jim Brandt
and Nicholas P. Cardo and Sudheer Chunduri and Jeremy Enos and Parks Fields
and Ann Gentile and Richard Gerber and Joe Greenseid and Annette Greiner
and Bilel Hadri and Yun (Helen) He and Dennis Hoppe and Urpo Kaila
and Kaki Kelly and Mark Klein and Alex Kristiansen and Steve Leak
and Mike Mason and Kevin Pedretti and Jean-Guillaume Piccinali
and Jason Repik and Jim Rogers and Susanna Salminen and Mike Showerman
and Cary Whitney and Jim Williams},
  title =        {{Cray} System Monitoring: Successes, Requirements, and Priorities},
  booktitle =    {2018 Cray User Group Meeting (CUG)},
  year =         {2018}
}

@inproceedings{behzad:sc13,
   author = {Behzad, Babak and Luu, Huong Vu Thanh and Huchette, Joseph and Byna, Surendra
and Prabhat and Aydt, Ruth and Koziol, Quincey and Snir, Marc},
   title = {Taming Parallel {I/O} Complexity with Auto-Tuning},
   year = {2013},
   OPTisbn = {9781450323789},
   publisher = {ACM},
   OPTdoi = {10.1145/2503210.2503278},
   booktitle = {Proceedings of the International Conference on High Performance Computing, Networking, Storage and Analysis},
   articleno = {68},
   numpages = {12},
   series = {SC'13}
}

@inproceedings{tessier:com-hpc16,
   author = {Tessier, Fran\c{c}ois and Malakar, Preeti and Vishwanath, Venkatram
and Jeannot, Emmanuel and Isaila, Florin},
   title = {Topology-Aware Data Aggregation for Intensive {I/O} on Large-Scale Supercomputers},
   year = {2016},
   publisher = {IEEE Press},
   booktitle = {Proceedings of the First Workshop on Optimization of Communication in HPC},
   pages = {73–81},
   numpages = {9},
   series = {COM-HPC'16}
}

@inproceedings{vazhkudai:sc18,
  author = {Vazhkudai, Sudharshan S. and de Supinski, Bronis R. and Bland, Arthur S.
and Geist, Al and Sexton, James and Kahle, Jim and Zimmer, Christopher J.
and Atchley, Scott and Oral, Sarp and Maxwell, Don E. and Larrea, Veronica G. Vergara
and Bertsch, Adam and Goldstone, Robin and Joubert, Wayne and Chambreau, Chris
and Appelhans, David and Blackmore, Robert and Casses, Ben and Chochia, George
and Davison, Gene and Ezell, Matthew A. and Gooding, Tom and Gonsiorowski, Elsa
and Grinberg, Leopold and Hanson, Bill and Hartner, Bill and Karlin, Ian
and Leininger, Matthew L. and Leverman, Dustin and Marroquin, Chris and Moody, Adam
and Ohmacht, Martin and Pankajakshan, Ramesh and Pizzano, Fernando and Rogers, James H.
and Rosenburg, Bryan and Schmidt, Drew and Shankar, Mallikarjun and Wang, Feiyi
and Watson, Py and Walkup, Bob and Weems, Lance D. and Yin, Junqi},
   title = {The Design, Deployment, and Evaluation of the CORAL Pre-Exascale Systems},
   year = {2018},
   publisher = {IEEE Press},
   booktitle = {Proceedings of the International Conference for High Performance Computing, Networking, Storage, and Analysis},
   articleno = {52},
   numpages = {12},
   series = {SC'18}
}

@inproceedings{oral:sc19,
   author = {Oral, Sarp and Vazhkudai, Sudharshan S. and Wang, Feiyi and Zimmer, Christopher
and Brumgard, Christopher and Hanley, Jesse and Markomanolis, George and Miller, Ross
and Leverman, Dustin and Atchley, Scott and Larrea, Veronica Vergara},
   title = {End-to-End {I/O} Portfolio for the Summit Supercomputing Ecosystem},
   year = {2019},
   publisher = {ACM},
   OPTdoi = {10.1145/3295500.3356157},
   booktitle = {Proceedings of the International Conference for High Performance Computing, Networking, Storage and Analysis},
   articleno = {63},
   numpages = {14},
   series = {SC'19}
}

@ARTICLE{di:tpds2019,
  author =   {Di, Sheng and Guo, Hanqi and Gupta, Rinku and Pershey, Eric R.
and Snir, Marc and Cappello, Franck},
  title =   {Exploring Properties and Correlations of Fatal Events in a Large-Scale {HPC} System},
  journal = {IEEE Transactions on Parallel and Distributed Systems},
  year =    {2019},
  volume =  {30},
  number =  {2},
  pages =   {361-374},
  OPTdoi =  {10.1109/TPDS.2018.2864184}
}

@inproceedings{crosby:BW-XSEDE12,
  author = {Crosby, Lonnie D. and Mohr, Rick},
  title = {Petascale {I/O}: Challenges, Solutions, and Recommendations},
  booktitle = {Proceedings of the Extreme Scaling Workshop},
  series = {BW-XSEDE '12},
  year = {2012},
  location = {Chicago, Illinois},
  pages = {7:1--7:7},
  articleno = {7},
  numpages = {7},
  OPTurl = {http://dl.acm.org/citation.cfm?id=2462077.2462084},
  OPTacmid = {2462084},
  publisher = {University of Illinois at Urbana-Champaign},
  OPTaddress = {Champaign, IL, USA},
}

@InProceedings{Bhatele:sc12,
  author = 	 {A. Bhatele and T. Gamblin and S. H. Langer and P. T. Bremer and E. W. Draeger
and B. Hamann and K. E. Isaacs and A. G. Landge and J. A. Levine and V. Pascucci
and M. Schulz and C. H. Still},
  title = 	 {Mapping Applications with Collectives over Sub-Communicators
on Torus Networks},
  booktitle =    {Proceedings of 2012 International Conference for High Performance Computing,
  Networking, Storage and Analysis},
  pages = 	 {1-11},
  year = 	 {2012},
  OPTeditor = 	 {},
  OPTpublisher = {},
  doi={10.1109/SC.2012.75},
  OPTnote = 	 {},
  OPTannote = 	 {}
}

@InProceedings{Bhatele:hipc14,
  author =       {A. Bhatele and N. Jain and K. E. Isaacs and R. Buch and T. Gamblin
and S. H. Langer and L. V. Kale},
  title =        {Optimizing the Performance of Parallel Applications on a 5D Torus
via Task Mapping},
  booktitle =    {2014 21st International Conference on High Performance Computing (HiPC)},
  pages =        {1-10},
  year =         {2014},
  month =        {December},
  OPTeditor =    {},
  OPTpublisher = {},
  doi={10.1109/HiPC.2014.7116706},
  OPTnote =      {},
  OPTannote =    {}
}

@InProceedings{brim:lustre_eco2015,
  author = {Michael J. Brim and Joshua K. Lothian},
  title = {Monitoring Extreme-scale {Lustre} Toolkit},
  booktitle = {Proceedings of the International Workshop on the Lustre Ecosystem: Challenges and Opportunities},
  year = {2015},
  OPTmonth = {March},
  url = {http://arxiv.org/html/1506.05323},
}

@InProceedings{reed:lustre_eco2015,
  author = {Joel Reed and Jeremy Archuleta and Michael J. Brim and
      Joshua Lothian},
  title = {Evaluating Dynamic File Striping for {Lustre}},
  booktitle = {Proceedings of the International Workshop on the Lustre Ecosystem: Challenges and Opportunities},
  year = {2015},
  OPTmonth = {March},
  url = {http://arxiv.org/html/1506.05323},
}

@Conference{mohr:lustre_eco2016,
    author = {Richard Mohr and Michael Brim and Sarp Oral and Andreas Dilger},
    title = {Evaluating Progressive File Layouts for {Lustre}},
    year = {2016},
    OPTmonth = {March},
    howpublished = {Oral},
    url = {http://lustre.ornl.gov/ecosystem-2016/},
}

@Article{baba:IJHPCA2016,
  author = {Toshitaka Baba and Kazuto Ando and Daisuke Matsuoka and
            Mamoru Hyodo and Takane Hori and Narumi Takahashi and
            Ryoko Obayashi and Yoshiyuki Imato and Dai Kitamura and
            Hitoshi Uehara and Toshihiro Kato and Ryotaro Saka},
  title = {Large-scale, high-speed tsunami prediction for the Great Nankai Trough
               Earthquake on the {K} computer},
  journal = {International Journal of High Performance Computing Applications},
  year = {2016},
  volume = {30},
  number = {1},
  pages = {71-84},
  OPTmonth = {},
  OPTurl = {http://dx.doi.org/10.1177/1094342015584090},
  doi = {10.1177/1094342015584090},
  OPTnote = 	 {},
  OPTannote = 	 {}
}

@InProceedings{BG_P_IO_STG:SC11,
  author = 	 {Venkatram Vishwanath and Mark Hereld and Vitali Morozov and Michael E. Papka},
  title = 	 {Topology-aware Data Movement and Staging for {I/O} Acceleration
  on {Blue Gene/P} Supercomputing Systems},
  booktitle = {Proceedings of 2011 International Conference for High Performance Computing,
  Networking, Storage and Analysis},
  series = {SC '11},
  year = {2011},
  OPTisbn = {978-1-4503-0771-0},
  OPTlocation = {Seattle, Washington},
  pages = {19:1--19:11},
  articleno = {19},
  OPTnumpages = {11},
  OPTurl = {http://doi.acm.org/10.1145/2063384.2063409},
  OPTdoi = {10.1145/2063384.2063409},
  OPTacmid = {2063409},
  publisher = {ACM}
}

@InProceedings{tsujita:HPCS2014,
  author    = {Yuichi Tsujita and
               Atsushi Hori and
               Yutaka Ishikawa},
  title     = {Affinity-Aware Optimization of Multithreaded Two-Phase {I/O} for High
               Throughput Collective {I/O}},
  booktitle = {International Conference on High Performance Computing {\&} Simulation,
               {HPCS} 2014, Bologna, Italy, 21-25 July, 2014},
  year      = {2014},
  pages     = {210-217},
  publisher = {{IEEE}},
  OPTcrossref  = {DBLP:conf/hpcs/2014},
  url       = {http://dx.doi.org/10.1109/HPCSim.2014.6903688},
  doi       = {10.1109/HPCSim.2014.6903688}
}

@InProceedings{tsujita:WS_EuroMPI2014,
  author = 	 {Yuichi Tsujita and Atsushi Hori and Yutaka Ishikawa},
  title = 	 {Locality-Aware Process Mapping for High Performance
  Collective {MPI-IO} on {FEFS} with {Tofu} Interconnect},
  booktitle = {Proceedings of the 21th European MPI Users' Group Meeting},
  series = {EuroMPI/ASIA '14},
  pages = 	 {157:157--157:162},
  articleno = {157},
  year = 	 {2014},
  publisher = {ACM},
  note = {Challenges in Data-Centric Computing},
  OPTannote = 	 {}
}

@Techreport{ohno:IPSH-SIG-HPC-144,
  author = {Yoshiyuki Ohno and Atsushi Hori and Yutaka Ishikawa},
  title = {並列ファイルシステムに対するI/Oリクエスト調停機構の提案},
  volume={2014-HPC-144},
  number = {13},
  series = {IPSJ SIG Technical Report},
  publisher = {IPSJ},
  year = {2014},
  note = {(in Japanese)}
}

@TechReport{tsujita:SWoPP2014,
  author = {辻田　祐一 and 堀 敦史 and 石川 裕},
  yomi =  {Tsujita, Y and Hori, A and Ishikawa, Y},
  title = {FEFSにおけるストライピング処理を考慮した集団型MPI-IOの実装},
  volume= {2014-HPC-145},
  number = {35},
  series = {情報処理学会研究報告},
  publisher = {情報処理学会},
  year = {2014},
  note = {(in Japanese)}
}

@TechReport{tsujita:IPSJ-SIGHPC-146,
  author = {辻田 祐一 and 堀 敦史 and 石川 裕},
  yomi = {Tsujita, Y and Hori, A and Ishikawa, Y},
  title = {集団型MPI-IOの高速化に向けたI/Oリクエスト発行方式の最適化},
  volume = {2014-HPC-146},
  number = {17},
  series = {情報処理学会研究報告},
  publisher = {情報処理学会},
  year = {2014},
  note = {(in Japanese)}
}

@InProceedings{tsujita:isc15,
  author    = {Yuichi Tsujita and Atsushi Hori and Yutaka Ishikawa},
  title     = {Striping Layout Aware Data Aggregation for High Performance {I/O}
               on a {Lustre} File System},
  booktitle = {High Performance Computing - 30th International Conference, {ISC}
               High Performance 2015, Frankfurt, Germany, July 12-16, 2015, Proceedings},
  pages     = {282-290},
  year      = {2015},
  publisher = {Springer},
  OPTurl       = {http://dx.doi.org/10.1007/978-3-319-20119-1_21},
  OPTdoi       = {10.1007/978-3-319-20119-1_21},
}

@InProceedings{tsujita:candar2016,
  author = {Yuichi Tsujita and Atsushi Hori and Toyohisa Kameyama and Yutaka Ishikawa},
  title = {Topology-Aware Data Aggregation for High Performance Collective MPI-IO
           on a Multi-Core Cluster System},
  booktitle = {Proceedings of 2016 Fourth International Symposium on Computing and Networking},
  pages = {37-46},
  year = {2016},
  OPTdoi = {10.1109/CANDAR.2016.82},
  publisher = {IEEE Computer Society}
}

@InProceedings{tsujita:hpcasia18,
  author =       {Yuichi Tsujita and Atsushi Hori and Toyohisa Kameyama and Atsuya Uno
and Fumiyoshi Shoji and Yutaka Ishikawa},
  title =        {Improving Collective {MPI-IO} Using Topology-Aware Stepwise Data Aggregation
with {I/O} Throttling},
  booktitle =    {Proceedings of HPC Asia 2018: International Conference on High Performance Computing
in Asia-Pacific Region, January 28-31, 2018},
  pages =        {12-23},
  year =         {2018},
  OPTmonth =     {January},
  publisher =    {ACM}
}

@InProceedings{tsujita:hpc_iodc20,
  author = {Yuichi Tsujita and Yoshitaka Furutani and Hajime Hida and Keiji Yamamoto and Atsuya Uno},
  title = {Characterizing {I/O} Optimization Effect Through Holistic Log Data Analysis
          of Parallel File Systems and Interconnects},
  booktitle = {High Performance Computing - {ISC} High Performance 2020 International
               Workshops, Frankfurt/Main, Germany, June 21-25, 2020, Revised Selected
               Papers},
  pages = {177-190},               
  series = {Lecture Notes in Computer Science},
  volume = {12321},
  year = {2020},
  publisher = {Springer}
}

@InProceedings{tsujita:pdp2021,
  author    = {Yuichi Tsujita and Atsuya Uno and Ryuichi Sekizawa and
               Keiji Yamamoto and Fumichika Sueyasu},
  title     = {Job Classification Through Long-Term Log Analysis
              Towards Power-Aware {HPC} System Operation},
  booktitle = {2021 29th Euromicro International Conference on Parallel, Distributed and Network-Based Processing (PDP)},
  publisher = {IEEE},
  pages     = {26-34},
  year      = {2021},
  OPTdoi    = {10.1109/PDP52278.2021.00014}
}

@InProceedings{Dong:grid2012,
  author = {Dong, Bin and Li, Xiuqiao and Xiao, Limin and Ruan, Li},
  title = {A New File-Specific Stripe Size Selection Method for Highly Concurrent Data Access},
  booktitle = {Proceedings of the 2012 ACM/IEEE 13th International Conference on Grid Computing},
  series = {GRID '12},
  year = {2012},
  pages = {22-30},
  numpages = {9},
  OPTurl = {http://dx.doi.org/10.1109/Grid.2012.11},
  OPTdoi = {10.1109/Grid.2012.11},
  publisher = {IEEE Computer Society}
}

@InProceedings{Dong:HPDC16,
 author = {Dong, Bin and Byna, Surendra and Wu, Kesheng},
 title = {{SDS-Sort}: Scalable Dynamic Skew-aware Parallel Sorting},
 booktitle = {Proceedings of the 25th ACM International Symposium on High-Performance Parallel and Distributed Computing},
 series = {HPDC '16},
 year = {2016},
 pages = {57-68},
 numpages = {12},
 OPTurl = {http://doi.acm.org/10.1145/2907294.2907300},
 doi = {10.1145/2907294.2907300},
 publisher = {ACM}
}

@article{qian:CS_RD_JRN_2009,
  author = {Yingjin Qian and Eric Barton and Tom Wang and Nirant Puntambekar
              and Andreas Dilger},
  title = {A Novel Network Request Scheduler for a Large Scale Storage System},
  journal = {Computer Science - Research and Development},
  volume = {23},
  number = {3},
  pages = {143-148},
  OPTdoi = {http://dx.doi.org/10.1007/s00450-009-0073-9},
  year = {2009}
}

@InProceedings{zhang:QoS_PVFS2_SC11,
 author = {Zhang, Xuechen and Davis, Kei and Jiang, Song},
 title = {{QoS} Support for End Users of {I/O}-Intensive Applications Using Shared Storage Systems},
 booktitle = {Proceedings of 2011 International Conference for High Performance Computing, Networking, Storage and Analysis},
 series = {SC '11},
 year = {2011},
 OPTlocation = {Seattle, Washington},
 pages = {18:1-18:12},
 articleno = {18},
 OPTnumpages = {12},
 OPTurl = {http://doi.acm.org/10.1145/2063384.2063408},
 OPTdoi = {10.1145/2063384.2063408},
 publisher = {ACM},
}

@InProceedings{raja:cluster2012,
  author = {R. Rajachandrasekar and J. Jaswani and H. Subramoni and D. K. Panda},
  title = {Minimizing Network Contention in InfiniBand Clusters with a {QoS}-Aware
           Data-Staging Framework},
  booktitle = {2012 IEEE International Conference on Cluster Computing},
  year={2012},
  pages={329-336},
  OPTdoi={10.1109/CLUSTER.2012.90},
  OPTmonth={Sept},
}

@InProceedings{luo:ics12,
  author = {Luo, Miao and Panda, Dhabaleswar K. and Ibrahim, Khaled Z. and Iancu, Costin},
  title = {Congestion Avoidance on Manycore High Performance Computing Systems},
  booktitle = {Proceedings of the 26th ACM International Conference on Supercomputing},
  series = {ICS '12},
  year = {2012},
  OPTisbn = {978-1-4503-1316-2},
  pages = {121-132},
  OPTnumpages = {12},
  OPTurl = {http://doi.acm.org/10.1145/2304576.2304594},
  OPTdoi = {10.1145/2304576.2304594},
  OPTacmid = {2304594},
  publisher = {ACM},
}

@conference{ihara:LAD13,
  author = {Shuichi Ihara},
  title = {A New Quality of Service ({QoS}) Policy for {Lustre} Utilizing the {Lustre} Network Request
          Scheduler ({NRS}) Framework},
  booktitle = {Lustre Administrator and Developers Workshop (LAD'13)},
  OPTmonth = {September},
  year = {2013},
  howpublished = {Oral}
}

@InProceedings{liu:fast2014,
    author = {Yang Liu and Raghul Gunasekaran and Xiaosong Ma and Sudharshan S. Vazhkudai},
    title = {Automatic Identification of Application {I/O} Signatures from Noisy Server-Side Traces},
    booktitle = {Proceedings of the 12th USENIX Conference on File and Storage Technologies (FAST 2014)},
    year = {2014},
    pages = {213-228},
    publisher = {USENIX}
}

@InProceedings{liu:sc16,
  author = {Yang Liu and Raghul Gunasekaran and Xiaosong Ma and Sudharshan S. Vazhkudai},
  title = {Server-side Log Data Analytics for {I/O} Workload Characterization and Coordination on Large Shared Storage Systems},
  booktitle = {Proceedings of the International Conference for High Performance Computing, Networking, Storage and Analysis},
  series = {SC'16},
  year = {2016},
  publisher = {ACM}
}

@InProceedings{qian:sc17,
  author = 	 {Qian, Yingjin and Li, Xi and Ihara, Shuichi and Zeng, Lingfang and Kaiser, J\"{u}rgen and S\"{u}\ss, Tim and Brinkmann, Andr{\'e}},
  title = 	 {A Configurable Rule Based Classful Token Bucket Filter Network Request Scheduler for the Lustre File System},
  booktitle = {Proceedings of the International Conference for High Performance Computing, Networking, Storage and Analysis},
  series = {SC '17},
  year = {2017},
  OPTisbn = {978-1-4503-5114-0},
  OPTlocation = {Denver, Colorado},
  pages = {6:1-6:12},
  articleno = {6},
  numpages = {12},
  OPTurl = {http://doi.acm.org/10.1145/3126908.3126932},
  OPTdoi = {10.1145/3126908.3126932},
  OPTacmid = {3126932},
  publisher = {ACM},
  OPTaddress = {New York, NY, USA},
  OPTnote = 	 {},
  OPTannote = 	 {}
}

@InProceedings{patel:sc19,
   author =    {Patel, Tirthak and Byna, Suren and Lockwood, Glenn K. and Tiwari, Devesh},
   title =     {Revisiting {I/O} Behavior in Large-scale Storage Systems: The Expected and the Unexpected},
   booktitle = {Proceedings of the International Conference for High Performance Computing, Networking, Storage and Analysis},
   series =    {SC'19},
   year =      {2019},
   pages =     {65:1-65:13},
   articleno = {65},
   OPTurl =    {http://doi.acm.org/10.1145/3295500.3356183},
   OPTdoi =    {10.1145/3295500.3356183},
   OPTacmid =  {3356183},
   publisher = {ACM}
}

@InProceedings {chunduri:pmbs19,
   author = {Sudheer Chunduri and Elise Jennings and Kevin Harms
and Christopher Knight and Scott Parker},
   title = {A Generalized Statistics-Based Model for Predicting Network-Induced Variability},
   booktitle = {2019 IEEE/ACM Performance Modeling, Benchmarking and Simulation
of High Performance Computer Systems (PMBS)},
   year = {2019},
   volume = {},
   OPTissn = {},
   pages = {59-72},
   OPTdoi = {10.1109/PMBS49563.2019.00013},
   OPTurl = {https://doi.ieeecomputersociety.org/10.1109/PMBS49563.2019.00013},
   publisher = {IEEE Computer Society},
   OPTaddress = {Los Alamitos, CA, USA},
   month = {nov}
}

@InProceedings{qian:MSST2013,
  author={Yingjin Qian and Ruihai Yi and Yimo Du and Nong Xiao and Shiyao Jin},
  booktitle={IEEE 29th Symposium on Mass Storage Systems and Technologies (MSST 2013)},
  title={Dynamic {I/O} Congestion Control in Scalable {Lustre} File System},
  pages={1-5},
  OPTdoi={10.1109/MSST.2013.6558432},
  month={May},
  year={2013},
  OPTpublisher = {IEEE},
  OPTnote = 	 {},
  OPTannote = 	 {}
}

@InProceedings{li:MSST2015,
    author={Yan Li and Xiaoyuan Lu and Ethan L. Miller and Darrel D. E. Long},
    booktitle={31st Symposium on Mass Storage Systems and Technologies (MSST 2015)},
    title={{ASCAR}: Automating Contention Management for High-Performance Storage Systems},
    year={2015},
    OPTvolume={},
    OPTnumber={},
    pages={1-16},
    OPTdoi={10.1109/MSST.2015.7208287},
    OPTISSN={2160-195X},
    month={May},
}

@InProceedings{luu:HPDC2015,
  author = {Luu, Huong and Winslett, Marianne and Gropp, William and Ross, Robert
      and Carns, Philip and Harms, Kevin and Prabhat, Mr and Byna, Suren and Yao, Yushu},
  title = {A Multiplatform Study of {I/O} Behavior on Petascale Supercomputers},
  booktitle = {Proceedings of the 24th International Symposium on High-Performance
      Parallel and Distributed Computing},
  series = {HPDC '15},
  year = {2015},
  OPTisbn = {978-1-4503-3550-8},
  OPTlocation = {Portland, Oregon, USA},
  pages = {33--44},
  OPTnumpages = {12},
  OPTurl = {http://doi.acm.org/10.1145/2749246.2749269},
  OPTdoi = {10.1145/2749246.2749269},
  OPTacmid = {2749269},
  publisher = {ACM},
  OPTaddress = {New York, NY, USA},
  OPTkeywords = {hpc, input/output, parallel i/o, performance analysis},
} 

@article{Satoh:NICAM_JRN_2008,
  author = {M. Satoh and T. Matsuno and H. Tomita and H. Miura and
              T. Nasuno and S. Iga},
  title = {Nonhydrostatic icosahedral atmospheric model (NICAM) for global cloud
           resolving simulations},
  journal = {Journal of Computational Physics},
  volume = {227},
  number = {7},
  pages = {3486-3514},
  doi = {http://dx.doi.org/10.1016/j.jcp.2007.02.006},
  year = {2008}
}


@TechReport{ma:iit_techrep-2012,
  author = 	 {Siyuan Ma and Xian-He Sun and Ioan Raicu},
  title = 	 {{I/O} Throttling and Coordination for {MapReduce}},
  institution =  {Illinois Institute of Technology},
  year = 	 {2012},
  url =          {http://datasys.cs.iit.edu/reports/2012_io-mapreduce-TechRep.pdf},
  OPTkey = 	 {},
  OPTtype = 	 {},
  OPTnumber = 	 {},
  OPTaddress = 	 {},
  OPTmonth = 	 {},
  OPTnote = 	 {},
  OPTannote = 	 {}
}

@InProceedings{liu:hotstorage13,
  author = {Qing Liu and Norbert Podhorszki and Jeremy Logan and Scott Klasky},
  title = {Runtime {I/O} Re-routing + Throttling on {HPC} Storage},
  booktitle = {Proceedings of the 5th USENIX Conference on Hot Topics in Storage and File Systems},
  series = {HotStorage'13},
  year = {2013},
  OPTlocation = {San Jose, CA},
  pages = {14-14},
  numpages = {1},
  OPTurl = {http://dl.acm.org/citation.cfm?id=2534861.2534875},
  OPTacmid = {2534875},
  publisher = {USENIX Association},
  OPTaddress = {Berkeley, CA, USA},
  OPTnote = 	 {},
  OPTannote = 	 {}
}

@InProceedings{dorier:ipdps14,
  author    = {Matthieu Dorier and
               Gabriel Antoniu and
               Robert B. Ross and
               Dries Kimpe and
               Shadi Ibrahim},
  title     = {{CALCioM}: Mitigating {I/O} Interference in {HPC} Systems through Cross-Application
               Coordination},
  OPTbooktitle = {2014 {IEEE} 28th International Parallel and Distributed Processing
               Symposium, Phoenix, AZ, USA, May 19-23, 2014},
  booktitle = {2014 {IEEE} 28th International Parallel and Distributed Processing
               Symposium},
  pages     = {155-164},
  year      = {2014},
  OPTurl       = {http://dx.doi.org/10.1109/IPDPS.2014.27},
  doi       = {10.1109/IPDPS.2014.27},
  publisher = {{IEEE} Computer Society},
  OPTnote = 	 {},
  OPTannote = 	 {}
}

@InProceedings{yildiz:ipdps16,
    author = {Orcun Yildiz and Matthieu Dorier and Shadi Ibrahim and Rob Ross and Gabriel Antoniu},
    title = {On The Root Causes of Cross-Application {I/O} Interference in {HPC} Storage Systems},
    booktitle = {2016 {IEEE} 30th International Parallel And Distributed Processing Symposium},
    pages = {750-759},
    OPTdoi = {10.1109/IPDPS.2016.50},
    year = {2016},
    publisher = {{IEEE} Computer Society},
}


@InProceedings{seelam:hpcc2007,
  author = 	 {Seetharami Seelam and Andre Kerstens and Patricia J. Teller},
  title = 	 {Throttling {I/O} Streams to Accelerate File-{IO} Performance},
  booktitle = {High Performance Computing and Communications, Third International
               Conference, {HPCC} 2007, Houston, USA, September 26-28, 2007, Proceedings},
  pages = 	 {718-731},
  year = 	 {2007},
  OPTeditor = 	 {Ronald H. Perrott and
               Barbara M. Chapman and
               Jaspal Subhlok and
               Rodrigo Fernandes de Mello and
               Laurence Tianruo Yang},
  volume = 	 {4782},
  series = 	 {Lecture Notes in Computer Science},
  publisher = {Springer}
}

@InProceedings{ADIOS:sc10,
  author = 	 {Jay Lofstead and Fang Zheng and Qing Liu and
               Scott Klasky and Ron Oldfield and Todd Kordenbrock and
               Karsten Schwan and Matthew Wolf},
  title = 	 {Managing Variability in the {IO} Performance of Petascale Storage
               Systems},
  OPTcrossref =  {},
  OPTkey = 	 {},
  booktitle = {2010 International Conference for High Performance Computing Networking,
Storage and Analysis (SC'10)},
  pages = 	 {1-12},
  year = 	 {2010},
  OPTdoi =   {http://dx.doi.org/10.1109/SC.2010.32},
  OPTeditor = {},
  publisher = {{IEEE}},
  OPTnote = {},
  OPTannote = {}
}

@InProceedings{zhang:sc10,
  author = 	 {Xuechen Zhang and Kei Davis and Song Jiang},
  title = 	 {{IO}rchestrator: Improving the Performance of Multi-node {I/O} Systems
via Inter-Server Coordination},
  OPTcrossref =  {},
  OPTkey = 	 {},
  booktitle =    {2010 International Conference for High Performance Computing, Networking,
Storage and Analysis (SC'10)},
  pages = 	 {1-11},
  year = 	 {2010},
  doi =          {http://dx.doi.org/10.1109/SC.2010.30},
  OPTseries = 	 {},
  OPTmonth = 	 {},
  publisher =    {{IEEE}},
  OPTnote = 	 {},
  OPTannote = 	 {}
}

@InProceedings{song:sc11,
  author = 	 {Huaiming Song and Yanlong Yin and Xian-He Sun and Rajeev Thakur and Samuel Lang},
  title = 	 {Server-Side {I/O} Coordination for Parallel File Systems},
  booktitle =    {2011 International Conference for High Performance Computing, Networking,
Storage and Analysis},
  series = 	 {SC'11},
  pages = 	 {17:1-17:11},
  year = 	 {2011},
  articleno =    {17},
  publisher =    {ACM},
  OPTnote = 	 {},
  OPTannote = 	 {}
}

@InProceedings{thapaliya:icpp14_ws,
  author = 	 {Sagar Thapaliya and Purushotham Bangalore and Jay Lofstead
and Kathryn Mohror and Adam Moody},
  title = 	 {{IO-Cop}: Managing Concurrent Accesses to Shared Parallel File System},
  booktitle = {2014 43rd International Conference on Parallel Processing Workshops (IASDS 2014)},
  pages = 	 {52-60},
  year = 	 {2014},
  month = 	 {September},
  publisher = {IEEE},
  doi={10.1109/ICPPW.2014.20},
  OPTnote = 	 {},
  OPTannote = 	 {}
}

@InProceedings{madireddy:nas17,
  author = 	 {S. {Madireddy} and P. {Balaprakash} and P. {Carns} and R. {Latham} and R. {Ross} and S. {Snyder} and S. M. {Wild}},
  title = 	 {Analysis and Correlation of Application {I/O} Performance and System-Wide {I/O} Activity},
  booktitle =    {Proceedings of the 2017 International Conference on Networking, Architecture, and Storage (NAS)},
  year = 	 {2017},
  pages = 	 {1-10},
  publisher =    {IEEE}
}

@InProceedings{martino:DSN2014,
  author = {Catello Di Martino and Zbigniew Kalbarczyk and Ravishankar K. Iyer and Fabio Baccanico
        and Joseph Fullop and William Kramer},
  title = {Lessons Learned from the Analysis of System Failures at Petascale: The Case of {Blue Waters}},
  booktitle={2014 44th Annual IEEE/IFIP International Conference on Dependable Systems and Networks},
  series = {DSN'14},
  pages = {610-621},
  year = {2014},
  month = {June},
  publisher = {IEEE}
}

@InProceedings{kumar:DSN2018,
  author = {Mohit Kumar and Saurabh Gupta and Tirthak Patel and Michael Wilder and Weisong Shi and
Song Fu and Christian Engelmann and Devesh Tiwari},
  title = {Understanding and Analyzing Interconnect Errors and Network Congestion on
  a Large Scale {HPC} System},
  booktitle={2018 48th Annual IEEE/IFIP International Conference on Dependable Systems and Networks},
  series = {DSN'18},
  pages = {107-114},
  year = {2018},
  month = {June},
  publisher = {IEEE}
}

@InProceedings{yang:nsdi2019,
    author = {Bin Yang and Xu Ji and Xiaosong Ma and Xiyang Wang and Tianyu Zhang and Xiupeng Zhu
and Nosayba El-Sayed and Haidong Lan and Yibo Yang and Jidong Zhai and Weiguo Liu and Wei Xue},
    title = {End-to-end {I/O} Monitoring on a Leading Supercomputer},
    booktitle = {Proceedings of the 16th USENIX Symposium on Networked Systems Design and Implementation},
    series = {NSDI'19},
    year = {2019},
    pages = {379-394},
    publisher = {USENIX}
}

@InProceedings{uno:swopp2017,
    author = {宇野 篤也 and 肥田 元 and 関澤 龍一 and 辻田 祐一 and 山本 啓二},
    title = {「京」のファイルシステム障害の分析},
    volume = {2017-HPC-160},
    number = {24},
    pages = {1-6},
    series = {情報処理学会研究報告},
    institution = {情報処理学会},
    year = {2017}
}

@Article{shoji:ParCo2017,
  author = {Fumiyoshi Shoji},
  title = {Lessons learned from development and operation of the {K computer} },
  journal = {Parallel Computing},
  year = {2017},
  volume = {64},
  pages = {12-19},
  OPTmonth = {May},
  doi = {https://doi.org/10.1016/j.parco.2017.03.001},
  OPTnote = {High-End Computing for Next-Generation Scientific Discovery},
  OPTannote = {}
}

@InProceedings{tsujita:isc17,
   author = {Yuichi Tsujita and Tatsuhiko Yoshizaki and Keiji Yamamoto and
        Fumichika Sueyasu and Ryoji Miyazaki and Atsuya Uno},
   title = {Alleviating {I/O} Interference Through Workload-Aware Striping and Load-Balancing
        on Parallel File Systems},
   booktitle = {High Performance Computing - 32nd International Conference, {ISC}
        High Performance 2017, Frankfurt, Germany, June 18-22, 2017, Proceedings},
   year = {2017},
   pages = {315-333},
   series = {Lecture Notes in Computer Science},
   volume = {10266},
   publisher = {Springer}
}

@InProceedings{tsujita:hpc_iodc18,
  author    = {Yuichi Tsujita and Yoshitaka Furutani and Hajime Hida and
               Keiji Yamamoto and Atsuya Uno and Fumichika Sueyasu},
  title     = {{I/O} Interference Alleviation on Parallel File Systems Using Server-Side
               QoS-Based Load-Balancing},
  booktitle = {High Performance Computing - {ISC} High Performance 2018 International
               Workshops, Frankfurt/Main, Germany, June 28, 2018, Revised Selected
               Papers},
  series    = {Lecture Notes in Computer Science},
  volume    = {11203},
  publisher = {Springer},
  pages     = {36-48},
  year      = {2018},
  OPTdoi    = {10.1007/978-3-030-02465-9\_3}
}

@InProceedings{yamamoto:isc18,
  author    = {Keiji Yamamoto and Yuichi Tsujita and Atsuya Uno},
  title     = {Classifying Jobs and Predicting Applications in {HPC} Systems},
  booktitle = {High Performance Computing - 33rd International Conference, {ISC}
               High Performance 2018, Frankfurt, Germany, June 24-28, 2018, Proceedings},
  series    = {Lecture Notes in Computer Science},
  volume    = {10876},
  publisher = {Springer},
  pages     = {81-99},
  year      = {2018},
  OPTdoi    = {10.1007/978-3-319-92040-5\_5}
}

@InProceedings{tessier:cluster17,
  author = 	 {Francois Tessier and Venkatram Vishwanath and Emmanuel Jeannot},
  title = 	 {{TAPIOCA}: An {I/O} Library for Optimized Topology-Aware Data Aggregation
      on Large-Scale Supercomputers},
  booktitle = {2017 IEEE International Conference on Cluster Computing},
  pages = 	 {70-80},
  year = 	 {2017},
  month = 	 {September},
  publisher = {IEEE},
  doi = {10.1109/CLUSTER.2017.80},
  OPTnote = 	 {},
  OPTannote = 	 {}
}

@Misc{cray:aries_overview,
  author = {{Aries Network Overview}},
  url = {https://pubs.cray.com/bundle/Aries_Hardware_Counters_S-0045-40/page/Aries_Hardware_Counters.html},
  howpublished = {\url{https://pubs.cray.com/bundle/Aries_Hardware_Counters_S-0045-40/page/Aries_Hardware_Counters.html}},
  lastaccesed = {2021-05-05}
}

@Misc{cray:aries_hardware_counters,
  author = {{Aries Hardware Counters}},
  url = {https://pubs.cray.com/bundle/Aries_Hardware_Counters_S-0045-40/page/Aries_Hardware_Counters.html},
  howpublished = {\url{https://pubs.cray.com/bundle/Aries_Hardware_Counters_S-0045-40/page/Aries_Hardware_Counters.html}},
  lastaccessed = {2021-05-05}
}

@InProceedings{alverson:hoti10,
  author = {Alverson, Robert and Roweth, Duncan and Kaplan, Larry},
  title = {The Gemini System Interconnect},
  booktitle = {2010 18th IEEE Symposium on High Performance Interconnects}, 
  year = {2010},
  volume = {},
  number = {},
  pages = {83-87},
  OPTdoi = {10.1109/HOTI.2010.23}
}
